1680 3188
72 492 106 543 ss
138 479 601 535 ANNALIUMLnXIv.Cu.5e
624 484 745 530 umore

75 619 135 668 diem
145 622 245 680 sugent:
264 630 317 678 quae
327 616 425 677 quidem,
442 621 468 662 ut
479 616 555 663 omnis
564 614 677 670 mortrlie.
687 614 748 665 intre

75 693 138 735 tuem
157 682 336 745 magnitudinem
348 683 444 745 jecent3
461 680 501 728 sed
519 681 575 727 mihi
595 680 745 730 incumbente

76 751 132 798 mihi
148 748 325 795 subveniendum
345 752 387 794 est.
421 745 544 801 Quomodo
562 745 586 793 in
603 744 691 802 militia,
710 752 749 795 eut

75 813 121 871 vil,
139 813 214 861 sessus
230 813 391 861 adminiculum
408 827 510 870 orerem;
526 813 565 866 its,
576 812 601 858 iu
611 812 656 858 hoc
667 812 750 859 itinere

75 882 138 935 vitae,
154 893 230 933 senex,
246 885 270 925 et
280 878 402 925 levissimis
417 893 508 939 quoque
524 877 584 923 curis
599 876 678 939 imper,
695 892 748 925 cum

76 960 132 1008 opes
147 959 210 992 mess
228 945 288 992 ultre
309 944 420 990 sustinere
439 958 486 989 uon
507 942 599 1005 possim,
616 942 749 1003 praesidium

77 1018 140 1076 peto.
171 1007 232 1058 Jube
242 1024 281 1056 ees
298 1024 340 1070 per
349 1016 506 1070 procuratores
523 1015 575 1054 tuos
590 1007 749 1062 administrari,

77 1077 103 1125 in
114 1084 176 1124 tuam
191 1073 305 1122 fortunam
321 1074 398 1134 recipi.
428 1071 481 1119 Nec
497 1088 535 1118 me
551 1072 576 1118 in
593 1078 750 1134 psupertetem

78 1141 128 1204 ipse
142 1139 274 1194 detrudam
291 1138 334 1185 sed
352 1138 446 1192 traditis,
469 1152 564 1198 quorum
582 1134 675 1198 fulgore
689 1152 750 1201 pres·

78 1206 186 1266 stringor.
197 1204 258 1265 quod
268 1203 377 1265 temporis
392 1202 509 1249 hortorum
520 1209 560 1248 sut
570 1201 676 1248 villarum
688 1217 752 1251 curer

79 1271 201 1333 seponitur,
213 1269 237 1314 in
248 1269 348 1315 animum
357 1267 475 1314 revocabo.
504 1266 613 1329 Superest
623 1266 664 1313 tibi
675 1267 751 1323 robur,

54 1350 57 1359 ·
79 1336 105 1384 et
114 1341 150 1382 tot
157 1348 197 1396 per
211 1348 284 1380 sonos
295 1334 374 1379 nixum
388 1331 481 1393 fastigio
492 1332 609 1394 regimen:
628 1344 752 1393 possumus

79 1400 181 1449 seniores
197 1398 263 1447 amici
280 1398 350 1459 quieti
368 1398 511 1460 respondere.
545 1392 601 1443 Hoc
619 1411 712 1458 quoque
727 1398 752 1445 ln

78 1472 142 1513 tuem
158 1463 255 1527 glorium
270 1463 342 1519 cedet,
359 1478 399 1511 eos
416 1462 445 1509 sd
460 1476 548 1509 summe
563 1462 661 1518 rexisse.
678 1463 719 1523 qui
728 1468 754 1510 et

84 1527 328 1577 modicetolererent”

114 1593 169 1642 LV.
186 1593 225 1640 Ad
235 1608 288 1654 quae
300 1591 364 1640 Nero
378 1593 410 1639 sic
421 1591 493 1639 ferme
508 1592 637 1654 respondit:
658 1590 753 1647 “Quod

82 1661 197 1709 meditate
210 1658 307 1706 orationi
323 1665 371 1705 tuae
382 1658 458 1705 stetim
469 1672 593 1713 occurrero,
611 1657 635 1704 id
653 1658 753 1721 primum

81 1727 116 1774 tui
126 1724 227 1772 r'nuneris
239 1724 317 1778 hsbeo‚
334 1723 372 1784 qui
386 1738 424 1770 me
440 1738 486 1770 nou
496 1729 585 1770 tantum
596 1723 700 1785 previos,
713 1723 754 1771 soil

83 1790 158 1839 subite
173 1788 394 1851 εκμᾱίτοᾶοοιιὶεὶί.
425 1787 520 1836 Abavus
534 1803 606 1842 meus,
623 1787 755 1851 Augustus,

83 1854 195 1919 Agrippae
208 1860 231 1901 et
246 1852 371 1900 Maecensti
387 1869 495 1916 usurpare
510 1854 582 1900 otium
597 1860 650 1915 post
665 1854 756 1902 labores
785 1894 788 1903 .

82 1919 208 1968 concessit:
229 1919 302 1966 sedin
314 1916 341 1965 ei
351 1916 400 1981 ipsi
410 1926 484 1973 aetate,
495 1920 559 1982 cujus
569 1919 692 1967 auctoritas
703 1927 756 1968 tue·

83 1993 152 2038 retur,
163 1983 270 2045 quidquid
278 1984 333 2030 illud
341 1992 365 2030 et
372 1985 536 2046 qualecumque
546 1984 674 2032 tribuisset:
694 1991 755 2033 ette-

84 2064 138 2097 men
156 2058 261 2096 neutrum
279 2050 337 2095 detis
353 2064 367 2096 s
386 2064 411 2096 se
427 2049 526 2110 praemiis
544 2050 615 2095 exuit.
647 2048 716 2097 Bello
731 2057 756 2097 et

83 2113 190 2180 periculis
208 2121 351 2161 meruerant:
369 2115 393 2160 in
413 2115 448 2160 his
466 2114 526 2160 enim
539 2115 637 2176 juventa
652 2115 756 2178 Augcuti

85 2185 175 2229 versata
185 2187 228 2226 est.
255 2177 307 2226 Neo
317 2180 373 2225 mihi
383 2179 429 2226 tels
439 2187 463 2225 et
473 2194 553 2226 manus
564 2187 611 2226 tuae
621 2179 756 2236 defuissent,

84 2244 109 2292 in
120 2243 188 2292 umis
196 2244 281 2307 agenti.
315 2245 361 2292 Sed
371 2244 432 2306 quod
442 2260 543 2305 praesens
557 2245 657 2291 conditio
673 2261 757 2307 posce·

85 2311 131 2364 bot,
140 2310 234 2364 ratione,
240 2309 342 2365 consilio,
350 2310 469 2371 preceptis
476 2310 601 2371 pueritiam.
611 2309 662 2356 dein
668 2311 756 2372 juveu-

85 2381 133 2422 tem
141 2390 215 2421 meum
226 2374 311 2422 fovisti.
343 2374 377 2422 Et
387 2382 426 2421 tue
436 2375 527 2436 quidem
538 2390 593 2437 erge
603 2390 641 2422 me
652 2390 756 2430 munere,

85 2439 140 2487 dum
151 2441 199 2486 vitu
209 2447 319 2502 suppetet,
337 2446 423 2487 aeierns
433 2448 513 2486 erunt:
532 2455 609 2500 quaes
625 2455 663 2487 me
680 2441 758 2496 hebes,

85 2505 146 2553 horti
163 2512 187 2551 et
205 2504 282 2552 soenus
299 2512 322 2551 et
340 2506 408 2559 villae,
428 2507 515 2552 casibus
526 2505 623 2552 obnoxie
634 2513 701 2552 suot:
722 2521 757 2562 sc,

84 2570 138 2617 licet
146 2570 218 2616 multa
228 2570 355 2628 videantur,
366 2571 473 2633 plerique,
485 2569 658 2631 heudquiqusm
670 2571 758 2618 ortibus

86 2636 133 2682 tuis
143 2650 214 2697 peres,
226 2635 291 2696 plura
301 2641 429 2682 tenuerunt.
451 2635 526 2683 Pudet
537 2635 620 2682 referre
630 2636 755 2692 libertinos,

79 2701 123 2760 qui
132 2700 228 2748 ditiores
238 2707 379 2764 spectantur.
404 2700 476 2748 Uolo
486 2701 556 2748 etiem
564 2701 642 2746 rulsori
646 2702 707 2746 roilli
714 2708 761 2755 ert„

66 2766 135 2877 quog
142 2766 284 2832 proecipuus
297 2769 404 2827 caritate,
416 2769 526 2817 nonium
535 2778 618 2813 omues
624 2761 724 2808 iouuuit
729 2777 775 2806 m-

59 2834 118 2878 tece
134 2832 165 2880 is.

85 2894 167 2946 LVI·
183 2902 305 2955 “Verum
317 2912 346 2955 et
359 2906 404 2955 tibi
409 2902 497 2951 vaula
504 2891 702 2961 amotumque
708 2879 808 2951 αἶψ’

43 2957 80 3005 ror·
90 2976 184 3016 rerum
194 2973 354 3026 sufficiens:
379 2981 405 3023 et
418 2985 472 3020 nos
480 2961 677 3032 pfimoimpem
692 2947 816 3010 ‘lm-m

43 3026 189 3088 Ulmus:
215 3041 275 3092 nisi
285 3042 364 3094 forte
376 3048 426 3095 eut
437 3046 471 3088 te
479 3026 594 3084 Vitellio
609 3028 653 3067 m
671 3001 781 3057 mou,
795 3009 816 3040 ε
