1680 3188
216 130 265 179 DE
280 130 506 183 ORATORIBUS.
528 130 589 183 Car.
597 136 619 181 9.
690 125 747 177 '247

82 267 146 308 tanta
160 261 234 308 locum
253 263 354 309 obtinent
368 265 478 326 imagines
494 280 519 312 ae
535 264 594 311 tituli
613 272 637 309 et
655 265 743 314 statnae,

79 341 133 386 quae
148 341 220 386 neque
238 326 286 388 ipsa
302 335 377 383 tamen
392 330 544 392 negliguntur,
562 335 614 382 tarn,
634 324 743 378 Hercul&

72 405 148 450 ¹qutun
162 390 246 437 divitire
262 397 286 437 et
299 407 359 452 opes,
374 409 429 454 quas
440 393 527 441 facilius
538 394 639 440 invenies
648 391 691 451 <qui
706 389 741 435 vi·

72 461 174 516 tuperet,
186 470 253 516 quarn
265 457 303 516 qui
312 455 417 504 fastidiet.
448 457 495 505 His
504 460 574 520 igitur
587 464 610 503 et
621 454 742 503 honoribus

78 525 102 564 et
117 520 254 566 ornamentis
269 527 292 566 et
302 519 443 568 facultatibus
459 522 555 569 refertas
567 522 646 568 domos
661 533 740 566 eorum

77 583 189 641 videmus,
201 585 238 645 qui
250 599 274 631 se
287 585 314 630 ab
324 585 414 632 ineunte
424 585 573 633 adoleseentiit
582 586 655 632 causia
664 584 740 635 soren-

78 647 140 700 sibus
151 656 174 695 et
185 649 282 695 oratorio
293 650 366 695 studio
377 650 492 697 dederunt

111 711 158 758 1x.
176 719 190 741 ‘⁴
198 711 259 759 Nem
267 714 366 760 cannino
373 721 397 759 et
403 729 490 770 versus,
499 715 578 775 quibus
589 720 658 760 totam
669 712 739 759 vitam

78 773 199 823 Maternus
215 777 327 824 insumere
342 785 411 838 optat,
429 779 492 842 (inde
508 780 568 825 enirn
584 775 740 825 omnisflurrit

76 840 160 901 oratio)
173 857 245 902 neque
255 843 386 903 dignitatern
397 843 464 889 ullam
475 843 601 890 auctoribus
609 844 655 889 auis
662 841 738 888 conci·

75 904 138 959 liant,
153 921 226 966 neque
241 907 347 954 utilitates
359 907 435 953 alunt:
454 908 591 970 voluptatem
602 915 676 954 autern
686 907 737 952 bre·

75 985 135 1025 vern,
150 971 238 1018 laudern
253 973 341 1018 inanem
356 979 379 1018 et
392 971 551 1019 infructuosam
566 977 739 1032 consequuntur.

75 1033 143 1082 Licet
159 1038 208 1084 htec
221 1037 277 1098 ipsa,
291 1043 315 1083 et
328 1051 379 1097 quae
393 1037 472 1083 deinde
486 1037 585 1084 dicturus
599 1052 660 1088 sum,
673 1049 738 1082 aures

74 1107 127 1155 tuae,
139 1101 251 1156 Materne,
262 1109 374 1163 respuant,
385 1102 421 1148 cui
429 1102 487 1149 bono
495 1110 536 1156 est,
547 1103 566 1148 si
575 1101 632 1162 apud
640 1108 663 1147 te
671 1100 736 1168 Agere

74 1179 181 1212 memnon
190 1173 229 1212 aut
237 1164 305 1212 lason
313 1167 394 1213 diserte
402 1167 515 1227 loquitur?
530 1168 579 1227 quis
586 1166 636 1212 ideo
644 1167 736 1212 domum

74 1229 179 1277 defensus
194 1237 217 1276 et
229 1231 267 1276 tibi
279 1231 390 1292 obligatus
401 1232 473 1279 redit?
499 1231 556 1286 Quis
569 1230 666 1277 Saleium
681 1243 735 1275 nos·

73 1298 141 1348 trum,
157 1295 275 1355 egregium
288 1295 384 1356 po‘e'tam,
400 1297 445 1350 vel,
462 1297 480 1344 si
496 1297 539 1343 hec
555 1296 632 1342 houo'
675 1294 749 1341 utine>

71 1365 115 1414 est,
129 1358 324 1420 praeclarissimum
334 1369 415 1416 vatent,
431 1361 526 1422 deducit,
542 1367 581 1407 aut
595 1359 642 1406 salu
666 1365 682 1413 t,
697 1365 737 1403 aut

71 1423 229 1483 prosequitur?
257 1422 353 1485 Nempe,
368 1426 386 1471 si
397 1426 481 1472 amicus
491 1427 546 1488 eJ'us,
562 1426 581 1473 ei
591 1425 735 1486 propinquus,

72 1486 92 1532 si
103 1486 197 1548 denique
207 1488 254 1549 ipse
264 1489 287 1534 in
299 1489 388 1550 aliquod
398 1491 513 1551 negotium
521 1491 628 1544 inciderit,
639 1488 735 1535 adhunc

72 1550 200 1598 Secundum
216 1560 321 1607 recurret,
337 1568 382 1600 non
393 1555 421 1600 ad
432 1562 461 1608 te,
477 1555 590 1608 Materne,
605 1554 656 1613 quia
668 1551 736 1614 poete

71 1631 105 1670 es„
120 1623 235 1676 nequent
250 1633 291 1678 pro
307 1633 334 1664 eo
350 1634 428 1666 versus
441 1619 520 1667 facias:
543 1621 565 1665 hi
579 1619 645 1664 etiam
660 1617 734 1664 Basso

71 1681 132 1726 dorni
143 1689 271 1736 nascuntur,
282 1683 368 1744 pulchri
378 1684 467 1744 quidem
478 1691 502 1730 ct
512 1683 620 1748 jucundi;
637 1696 733 1743 quorum

61 1752 147 1791 tamen
159 1746 195 1792 hic
206 1747 280 1793 exitus
290 1755 331 1802 est,
347 1756 379 1803 ut,
393 1763 446 1795 cum
461 1755 509 1795 toto
520 1764 585 1802 anno,
602 1763 642 1809 per
653 1761 733 1794 omnes

63 1809 125 1863 dies,
140 1810 225 1871 magnit
238 1814 337 1858 noctium
352 1821 422 1874 parte,
438 1829 507 1860 unum
521 1814 600 1860 librum
612 1813 698 1860 extudit
708 1818 733 1859 et

69 1874 215 1929 elucubravit,
230 1891 309 1937 rogere
323 1877 381 1924 ultro
395 1887 419 1924 et
430 1879 513 1924 ambire
527 1886 628 1940 cogatur,
643 1886 669 1925 ut
679 1880 731 1936 sint,

68 1940 108 1998 qui
121 1939 244 2001 dignentur
258 1941 347 1988 audire:
365 1949 389 1989 et
403 1958 432 1989 ne
442 1943 465 1989 id
476 1943 564 2003 quidem
575 1944 658 2004 gratis:
677 1959 730 1990 nam

69 2012 93 2050 et
104 2004 196 2053 domurn
206 2012 327 2060 mutuatur,
341 2012 365 2052 et
377 2008 510 2053 auditorium
525 2008 625 2062 exstruit,
640 2013 664 2054 et
677 2009 731 2054 sub-

58 2068 133 2115 ·sellia
140 2070 251 2124 conducit,
260 2076 282 2117 et
289 2070 376 2118 libellos
383 2071 502 2132 dispergit:
517 2080 546 2124 et,
557 2079 583 2116 ut
589 2071 731 2120 beausoimus

66 2133 221 2180 recitationem
232 2135 280 2196 ejus
290 2143 384 2182 eventus
393 2142 545 2197 prosequatur,
557 2137 630 2182 ornnis
637 2136 733 2184 illalum

67 2198 128 2244 intra
140 2213 209 2244 unum
220 2208 259 2245 aut
269 2199 362 2246 alterum
374 2200 440 2257 diem,
452 2199 514 2247 velut
524 2200 548 2245 in
556 2198 623 2247 herbd
630 2201 668 2248 vel
675 2199 732 2248 flore

59 2269 186 2325 praecepta,
201 2264 230 2310 ad
243 2263 327 2311 nullam
339 2272 422 2311 certam
433 2271 456 2311 et
467 2264 559 2311 solidam
569 2266 671 2326 pervenit
680 2264 730 2317 fru-

59 2342 135 2389 gem:
156 2342 197 2374 nee
208 2336 247 2375 ant
258 2329 376 2376 amicitiem
391 2330 444 2376 inde
457 2328 533 2386 refert,
546 2337 585 2375 aut
595 2329 730 2385 clientelam,

66 2399 107 2438 aut
121 2407 250 2441 mansurum
263 2393 287 2438 in
301 2394 376 2440 animo
392 2396 521 2457 cujusquam
536 2392 675 2449 beneficium,
692 2394 732 2445 sed

57 2456 187 2503 ⁴clamorem
203 2471 292 2518 vagum,
309 2465 332 2504 et
345 2474 414 2506 voces
429 2460 513 2514 inanes,
529 2465 553 2505 et
567 2458 673 2522 gaudium
689 2475 742 2506 vo·-

64 2521 135 2568 lucrc.
171 2519 323 2569 Laudavimus
341 2538 418 2585 nuper,
438 2530 464 2570 ut
481 2525 559 2571 miram
579 2531 601 2570 et
619 2524 732 2581 eximiam,

66 2583 199 2647 Vespasiani
210 2586 384 2646 liberalitatem,
408 2589 472 2653 quod
490 2590 618 2652 quingenta
634 2591 746 2635 merto

57 2646 134 2699 Basso
147 2651 265 2704 donisset·
298 2653 432 2709 Pulchrum
439 2656 470 2707 id
479 2651 771 2722 qudeminddumw
