1680 3188
51 166 107 211 LO·
118 165 153 216 69.
214 167 266 216 Lus
274 166 344 218 XVI.
356 166 554 217 ANNALIUM.
675 171 720 219 lis

54 297 113 358 ginii
130 296 184 344 Rufi
202 298 342 355 constantia3
360 313 402 344 nec
419 313 433 344 a
449 297 582 360 legionibus,
598 296 621 343 vi
638 296 679 344 suri
694 304 718 351 et

52 359 116 408 samri
138 362 200 408 ducis
224 361 342 419 ferocibus,
365 377 462 422 unquam
484 361 566 422 impelli
592 363 672 422 potuit,
691 368 719 413 ul

55 441 168 473 summam
184 441 258 472 rerum
273 427 396 486 acciperet;
413 426 529 487 imperium
545 441 558 472 s
575 433 659 480 senatu,
672 441 718 477 non

55 505 69 536 a
85 491 212 552 legionibus
223 490 269 536 dari
284 491 393 537 dictitans.
424 489 524 552 Ideoque
535 489 624 536 Vindici
641 491 718 545 iratus,

55 555 95 614 qui
117 555 140 599 id
159 555 256 600 audaciae
273 562 423 614 praesumeret,
443 553 564 600 exercitum
586 555 609 599 in
632 555 718 601 Gallias

56 618 127 671 duxit,
146 633 176 663 ne
194 634 209 665 a
227 618 295 665 Gallo
311 619 400 665 homine
416 626 503 668 tantum
520 618 606 679 imperii
623 617 719 672 dedecus

56 682 159 729 oriretur.

89 743 162 806 [Tum
183 746 265 792 Galliae
283 752 347 792 erant
368 747 408 792 sibi
426 746 544 796 discordes.
577 744 633 792 Pars
653 747 717 793 nobl-

54 809 142 856 lissima
156 811 266 870 simulque
276 811 416 864 validissima,
429 810 532 870 Sequani,
544 809 621 864 AEdui,
632 818 656 856 et
670 810 717 865 Ar·

56 874 128 928 verni,
140 873 259 920 Vindicem
277 875 431 934 sequebantur.
462 875 515 928 Alii,
528 889 621 933 quorum
637 875 716 936 praeci·

55 938 94 998 pui
107 937 231 999 Lingones,
242 938 316 992 Remi,
329 945 352 984 et
362 939 400 998 qui
410 936 516 986 Rhenum
527 938 629 985 accolunt
643 953 718 1000 popu-.

56 1002 79 1055 li,
91 1003 171 1062 partim
188 1004 316 1063 provinciali
328 1004 475 1058 aemulatione,
487 1003 566 1063 partim
582 1003 664 1048 veteris
680 1017 719 1049 sa·.

56 1067 164 1111 crementi
185 1081 233 1118 usu,
254 1068 277 1111 in
299 1066 399 1113 Neronis
416 1066 460 1113 fide
480 1067 613 1127 perstabmt.
644 1065 720 1115 vien..

58 1144 140 1176 nenses
151 1145 205 1177 vero
217 1130 319 1177 Vindicis
330 1132 427 1191 partibus
437 1146 463 1179 se
472 1127 619 1184 immiscuisse,
631 1136 656 1176 ut
666 1145 717 1176 mu·

58 1194 161 1253 nicipalia
172 1195 279 1241 adversus
290 1193 454 1255 Lugdunenses
469 1194 519 1245 odia
529 1194 631 1240 licentius
642 1209 718 1255 perse·

57 1266 185 1318 querentur.
220 1258 257 1305 Es
268 1266 315 1305 erat
326 1259 450 1306 Galliarum
464 1257 584 1310 inclinatio,
596 1273 646 1309 cum
658 1257 718 1304 Ver·

57 1321 140 1383 ginius,
154 1323 337 1371 Germanicarum
344 1323 459 1383 legionum
466 1321 556 1375 viribus,
565 1328 588 1367 et
596 1319 718 1382 Belgarum

58 1385 153 1442 auxiliis,
168 1386 351 1446 Batavorumque
368 1386 408 1435 alis
422 1393 508 1448 potens,
521 1384 606 1437 Gallias
620 1387 719 1435 intravit.

59 1448 223 1512 Vennutiunem
245 1450 306 1501 recti
324 1451 402 1512 petiit;
425 1452 578 1512 ingressuque¹
589 1450 721 1510 prohibitus,

59 1514 195 1570 obsidionem
207 1517 301 1577 paravit.
332 1514 369 1560 Ad
381 1515 439 1560 urbis
453 1513 581 1575 praesidium
592 1515 667 1563 statim
679 1511 718 1566 ad-⁴

59 1579 116 1632 stitit
133 1578 230 1625 Vindex.
263 1577 291 1624 In
308 1586 428 1639 conspectu
450 1579 536 1625 stabant
552 1577 625 1629 aciess
644 1579 720 1635 duces,

60 1643 140 1698 amotis
149 1642 297 1703 stipatoribus,
306 1643 328 1688 in
339 1643 474 1702 colloquium
485 1638 624 1697 consensere,
635 1643 719 1703 inquo,

60 1713 85 1753 ut
101 1707 144 1752 fuit
160 1708 263 1768 suspicio,
283 1707 388 1753 adversus
406 1707 521 1754 Neronem
538 1705 614 1754 soedus
631 1707 721 1755 initum.

61 1769 120 1823 Cum
140 1772 300 1828 discessissent,
320 1771 421 1821 Gallicus
438 1771 549 1817 exercitus
563 1772 611 1817 urbi
628 1772 718 1832 propin·

59 1837 144 1896 qnavit.
175 1835 295 1896 Legiones,
307 1842 361 1881 ratae
373 1835 452 1883 Gallos
463 1835 491 1881 sd
500 1849 599 1896 pugnam
610 1835 720 1891 incedere,

59 1899 132 1960 primo
150 1899 233 1960 impetu
250 1914 312 1946 arma
327 1899 453 1960 expediunt,
472 1899 619 1961 proeliumque
635 1901 726 1952 ineunt,

60 1961 127 2011 Tunc
141 1963 214 2011 visum
229 1969 293 2013 atrox
308 1964 465 2025 spectaculum.
498 1962 569 2011 Nulla
582 1964 663 2011 ducum
677 1964 722 2016 im..

59 2026 134 2088 peris:
154 2029 213 2088 regit
223 2027 317 2099 rnilitum
330 2027 405 2075 furor:
424 2028 536 2087 utrimque
551 2028 673 2075 miscentur
682 2027 722 2077 fus

59 2106 126 2141 nera:
147 2092 244 2141 caedibus
254 2093 334 2141 crescit
344 2093 390 2139 iras
409 2099 470 2139 certa
479 2092 608 2146 internecio,
617 2092 640 2141 ni
652 2092 721 2148 Galli,

58 2155 661 2216 inopinatoproelioturbidi,amissisrigintihominum
669 2155 721 2206 mil:

58 2219 124 2274 libus,
135 2221 189 2266 victi
204 2220 292 2267 tandem
309 2221 434 2269 cessissent
466 2219 565 2275 Vindex,
575 2219 652 2267 furens
661 2219 722 2280 quod

59 2289 122 2336 tanta
135 2283 243 2333 libertatis
254 2300 304 2346 spes
314 2300 368 2335 casu
377 2290 513 2340 vanesceret,
524 2285 633 2335 violentas
641 2298 723 2335 manus

60 2347 203 2397 surrecturis.
235 2347 329 2410 Reperti
347 2357 429 2405 tumen,
448 2351 493 2410 qui,
505 2350 606 2414 ¹turpiter
627 2347 722 2409 ingestis

58 2411 161 2461 cadaveri
182 2412 316 2470 vulneribus,
335 2414 503 2462 interfectorum
520 2413 616 2476 gloriam
637 2411 721 2473 quaesi-r

58 2476 125 2523 erint.

91 2537 220 2602 [legiones
230 2555 292 2596 vero,
300 2541 403 2590 confecto
412 2540 479 2590 unicis
488 2541 564 2606 pugnd
573 2540 632 2589 bello
643 2555 721 2604 super,-

58 2603 100 2659 boe,
120 2602 254 2666 Verginium
272 2604 438 2671 Imperatorem
454 2607 565 2666 salutent,
578 2611 693 2668 orantque
705 2610 741 2650 W·

46 2663 211 2734 lpsspniroeps
222 2669 344 2734 fatiscenti
357 2677 496 2744 reipublice
506 2674 645 2734 subierint.
671 2663 767 2722 W
783 2716 792 2751 4
