1680 3188
97 128 192 174 J.0.65.
245 125 437 177 ANNALIUM
447 125 500 175 Lta.
508 125 564 175 XV.
577 124 682 176 Consti.
717 130 762 177 117

97 259 183 320 templa
193 258 264 305 muris
275 259 354 313 cincta,
372 265 410 306 aut
425 259 478 319 quid
491 258 551 304 aliud
564 273 634 305 morae
645 258 762 320 interjace-

96 325 144 370 bat.
178 321 273 384 Impetu·
280 331 425 385 pervagatum
440 323 567 369 incendium
583 324 649 385 plana
658 324 763 385 primum,

98 388 180 434 deinde
191 389 214 432 in
226 388 285 434 edita
296 403 423 447 assurgens,
440 396 463 434 et
477 403 565 433 rursum
576 387 681 434 inferiora
690 402 764 449 popu-t
828 386 830 390 ’

97 453 172 506 lando,
196 453 275 499 anteiit
294 453 391 498 remedia
411 452 529 498 velocitate
546 452 605 506 mali,
624 459 648 498 et
667 451 764 498 obnoxii

100 516 165 563 Urbe
180 517 248 563 arctis
265 517 380 563 itineribus
395 518 482 576 hucque
497 524 521 561 et
537 517 590 562 illuc
607 516 678 571 tiexis,
696 524 764 576 utque

98 583 229 638 enormibus
245 582 307 634 vicis,
325 582 395 641 qualis
412 588 476 627 vetus
492 581 568 627 Roma
584 580 634 626 fuit.
666 582 704 627 Ad
720 583 763 627 hoc

98 646 199 692 lamenta
210 646 338 707 paventium
349 645 488 699 feminarum,
505 645 564 691 fessa
575 660 652 692 senum
664 661 691 691 ac
702 646 763 706 rudis

98 712 203 772 pueritiae
215 718 275 765 aetas,
291 711 373 770 quique
389 711 436 764 sibi,
453 710 536 770 quique
546 710 594 756 aliis
610 709 762 764 consulebant,

96 775 152 820 'dum
165 775 257 821 trabunt
268 775 385 831 invalidos,
397 782 435 822 aut
443 775 594 835 opperiuntur,
605 790 656 836 pars
664 789 761 828 morans,

97 855 150 901 pars
161 838 276 893 festinans,
289 839 538 900 cuncta-impediebant:
558 846 581 886 et
594 854 659 902 saepe,
672 839 724 884 dum
736 839 767 886 in'

97 911 190 965 tergum
201 911 334 964 respectant,
349 904 453 950 lateribus
465 911 503 950 aut
516 902 590 950 fronte
601 904 762 950 circumvenie-

97 969 192 1015 bantur:
212 969 255 1022 ve1,
276 968 331 1014 siin
349 969 452 1028 proxima
470 976 593 1022 evaserant,
612 969 655 1014 illis
674 983 763 1029 quoque

97 1033 148 1096 igni
159 1034 273 1094 correptis,
291 1033 365 1087 etiam,
382 1048 433 1092 quae
442 1032 566 1094 longinqua
576 1033 721 1088 crediderant,
738 1033 763 1079 in

98 1098 179 1144 eodem
191 1113 245 1144 casu
256 1098 427 1160 reperiebantur.
459 1096 584 1152 Postremo,
596 1097 648 1157 quid
659 1098 762 1152 vitarent,

95 1164 152 1223 quid
169 1169 278 1224 peterent,
301 1163 407 1224 ambigui,
430 1162 541 1224 complere
559 1162 613 1216 vias,
637 1163 705 1214 sterni
724 1177 764 1224 per

98 1243 183 1289 agros:
203 1227 292 1287 quidam
304 1227 390 1274 amissis
401 1227 503 1273 omnibus
512 1225 615 1280 fortunis,
624 1225 696 1271 diurni
707 1242 764 1287 quo·

99 1307 144 1353 que
156 1292 236 1344 victds,
253 1291 289 1337 alii
302 1292 394 1338 caritate
405 1306 503 1346 suorum,
520 1306 576 1351 quos
587 1290 672 1350 eripere
682 1290 762 1350 nequi·

97 1365 186 1410 verant,
207 1357 310 1416 quamvis
331 1363 421 1418 patente
442 1354 532 1418 effugio,
558 1353 668 1402 interiere.
712 1355 764 1402 Nec

96 1422 217 1484 quisquam
233 1420 351 1468 defendere
368 1420 467 1475 audebat,
486 1421 568 1466 crebris
582 1420 704 1466 multorum
719 1421 762 1466 mi·

98 1487 142 1542 nia,
154 1487 294 1548 restinguere
304 1484 475 1547 prohibentium,
486 1492 510 1530 et
517 1485 570 1545 quia
577 1485 613 1530 alii
621 1485 693 1545 palam
702 1484 763 1533 faces
801 1509 806 1515 ·

93 1551 215 1613 jaciebant,
232 1557 299 1611 atque
316 1565 365 1596 esse
381 1551 420 1596 sibi
438 1558 551 1596 auctorem
570 1549 763 1606 vociferabuntur;

98 1617 149 1664 sive
160 1623 186 1662 ut
197 1623 273 1676 raptus
283 1615 387 1661 licentius
399 1622 537 1672 exercerent,
549 1629 587 1661 seu
594 1616 667 1676 jussu.
744 1661 746 1665 ,

131 1678 258 1726 XXXIX.
275 1678 312 1726 Eo
323 1680 347 1725 in
358 1686 458 1742 tempore
469 1679 540 1733 Nero,
552 1679 615 1724 Antii
627 1693 704 1741 agens,
716 1689 763 1724 nort

98 1751 153 1794 ante
163 1746 187 1790 iu
200 1743 286 1791 Urbem
297 1759 413 1806 regressus
423 1750 464 1799 est,
479 1758 546 1803 quam
558 1744 633 1790 domui
648 1745 702 1806 ejus,
720 1743 764 1804 qud

99 1809 214 1857 Palatium
230 1817 254 1855 et
268 1808 403 1855 Maecenatis
420 1810 497 1854 hortos
511 1809 686 1863 continuaverat,
704 1809 764 1870 ignis

97 1876 266 1937 propinquaret.
298 1873 379 1934 Neque
389 1880 464 1920 tamen
476 1873 523 1919 sisti
534 1874 613 1934 potuit,
625 1875 677 1934 quin
687 1879 709 1919 et
718 1872 763 1920 Pa·

97 1940 179 1986 latium
190 1946 214 1985 et
224 1938 304 1984 domus
315 1945 338 1984 et
352 1945 433 1984 cuncta
443 1939 526 1984 circum
538 1938 685 1984 haurirentur.
719 1937 764 1984 Sed

99 2004 205 2052 solatium
216 2003 299 2064 populo
310 2004 427 2049 exturbato
443 2010 466 2048 et
475 2000 573 2063 profugo
584 2017 686 2063 campum
698 2001 763 2048 Mar·

98 2069 129 2115 tis
146 2083 173 2115 ac
186 2069 325 2114 monimenta
335 2066 458 2129 Agrippae3
475 2068 552 2113 hortos
568 2068 621 2127 quin
633 2066 699 2112 etiam
711 2080 764 2112 suos

97 2133 220 2196 patefecit:
240 2140 263 2178 et
274 2133 377 2179 subitaria
388 2131 481 2178 aediticia
491 2132 608 2185 exstruxit,
626 2123 763 2191 quae'multi·

96 2198 200 2244 tudinem
219 2199 309 2260 inopem
329 2197 469 2258 acciperent:
492 2196 641 2256 subvectaque
659 2194 763 2241 utensilia

90 2264 127 2310 ab
143 2261 209 2309 Ostid
225 2272 248 2308 et
263 2262 393 2324 propinquis
409 2261 548 2322 municipiis;
565 2260 705 2321 pretiumque
714 2257 763 2304 fru·
826 2311 827 2314 Ἰ

99 2329 172 2374 menti
191 2328 302 2372 minutum
322 2327 440 2386 usquead
458 2333 534 2371 ternos
553 2338 664 2370 nummos.
697 2321 763 2378 Quae,

100 2406 234 2452 quamquam
249 2391 369 2453 popularia,
387 2391 411 2437 in
422 2391 510 2436 irritum
521 2389 637 2443 cadebant,
651 2387 768 2448 quisper-

92 2463 182 2499 vaserat
191 2470 275 2508 rumor,
292 2458 344 2518 ipso
360 2464 467 2522 tempore
477 2455 602 2521 flagrantis
609 2453 697 2506 Urbis,
707 2448 790 2496 'anbase

82 2529 136 2586 eum
147 2517 298 2566 domesticam
310 2537 417 2581 scenam,
432 2533 458 2574 et
477 2525 597 2574 cecinisse
604 2520 747 2586 Trdqanum
756 2524 805 2558 ex·

61 2575 164 2680 ἔξω
178 2587 313 2640 Praesentia
330 2591 398 2640 mala
414 2596 524 2643 vetustis
536 2591 655 2641 ctad'tbus
668 2578 824 2636 assumunt&-
