1680 3188
89 436 123 480 ss
156 429 604 483 amnamummxnncusn
637 432 754 476 accen.

91 562 170 624 inopes
185 565 332 610 inclementer
348 572 447 626 augeret.
480 562 544 610 Dein
559 563 663 626 princeps
677 575 755 610 euram

91 628 216 674 tabularum
235 629 373 690 publicarum
391 644 405 676 a
423 628 570 690 quaestoribus
589 629 617 693 ad
635 626 756 690 praefectos

92 693 212 738 transtulit.

95 797 98 803 .
126 755 224 804 XXIX.
243 757 312 805 Varie
322 759 397 806 habita
411 773 437 805 ac
451 773 511 819 saepe
527 759 644 804 immutata
659 757 707 819 ejus
724 757 756 802 rei

92 820 178 867 forma:
206 839 257 870 nam
279 823 399 885 Augustus
420 824 521 885 permisit
542 824 635 877 senatui,
657 822 757 883 deligere

94 885 224 947 praefectos:
244 888 301 942 dein,
314 888 398 934 ambitu
406 887 563 949 suffragiorum
573 894 683 949 suspecto,
696 897 758 932 sorte

94 951 231 1000 ducebantur
249 968 279 999 ex
296 967 389 999 numero
408 960 538 1014 praetomm‚
560 953 599 1012 qui
615 959 755 1014 praeessent:

94 1030 167 1076 neque
177 1018 200 1063 id
216 1018 254 1064 diu
268 1017 357 1070 mansit,
374 1018 428 1077 quia
443 1033 491 1063 sors
507 1017 621 1063 deerrabat
635 1017 662 1062 ad
679 1031 759 1078 parum

94 1079 194 1129 idoneos·
225 1081 292 1128 Tunc
304 1080 636 1141 Claudiusquaestoresrursum
644 1081 768 1142 imposuit,

95 1145 173 1206 iisque,
185 1162 214 1192 ne
224 1153 286 1192 metu
295 1145 443 1192 offensionum
454 1147 547 1207 segnius
557 1146 705 1200 consulerent,
717 1159 759 1191 ex·

95 1217 130 1256 tra
152 1209 251 1258 ordinem
275 1211 371 1256 honores
389 1211 496 1272 permisit
530 1210 574 1256 Sed
596 1210 672 1256 deerat
692 1209 761 1256 robur

97 1275 170 1322 aetatis
181 1291 232 1321 eum
244 1276 340 1336 primum
348 1276 505 1336 magistratum
513 1275 686 1335 capessentibus.
708 1273 759 1336 Igi-

97 1346 135 1386 tur
146 1339 209 1387 Nero
220 1339 317 1403 praeturis
327 1340 457 1403 perfunctos
472 1346 496 1386 et
509 1339 647 1402 experientih
657 1341 762 1400 probatos

97 1404 187 1466 delegit.
401 1419 403 1423 ’

131 1469 216 1516 XXX.
231 1469 367 1519 -Damnatus
388 1469 467 1518 iisdem
489 1471 617 1519 consulibus
637 1469 761 1532 Vipsanius

99 1530 190 1590 Laenas,
212 1536 240 1583 ob
262 1536 387 1584 Sardiniam
408 1537 546 1598 provinciam
568 1551 635 1583 avare
655 1535 761 1582 habitam.

98 1599 224 1646 Absolutus
235 1597 326 1648 Cestius
339 1601 450 1648 Proculus
467 1601 643 1662 repetundamm,
661 1599 761 1646 cedenti·

99 1663 141 1711 bus
148 1665 320 1712 accusatoribus.
353 1664 447 1713 Clodius
456 1664 585 1719 Quirinalis,
596 1665 656 1725 quod
666 1663 761 1726 praefec·

99 1736 136 1776 tus
153 1730 270 1792 remigum,
287 1730 325 1791 qui
342 1726 460 1777 Raveru'm
476 1730 616 1782 haberentur,
633 1729 695 1775 velut
711 1727 762 1774 infi-

99 1809 159 1840 mam
176 1795 298 1850 nationum,
315 1792 403 1841 Italiam
418 1792 508 1841 luxurii
523 1792 652 1854 saevitiique
668 1792 763 1840 afflicta·

100 1859 178 1913 visset,
185 1874 274 1906 veneno
285 1860 449 1907 damnationem
459 1859 586 1907 antevertit.
618 1856 647 1906 C.
656 1857 763 1905 Aminius

101 1921 194 1977 Rebius,
202 1939 231 1970 ex
241 1925 373 1986 primoribus
383 1924 463 1986 peritih
470 1925 547 1987 legum
559 1930 581 1970 et
589 1923 690 1985 pecuniae
698 1938 764 1984 mag-

101 1987 209 2043 nitudine,
225 1990 337 2036 cruciatus
352 2005 420 2051 aegrae
437 1998 540 2045 senectae,
557 1991 626 2035 misso
640 2003 681 2049 per
695 2003 765 2034 venas

101 2054 218 2113 sanguine,
238 2053 332 2116 effugit:
351 2056 410 2102 haud
429 2055 526 2102 creditus
546 2054 647 2101 sufficere
665 2053 693 2098 ad
709 2067 764 2098 con·

103 2119 207 2163 stantiam
219 2120 333 2166 sumendae
344 2121 428 2173 mortis,
441 2121 469 2166 ob
477 2120 578 2166 libidines
584 2119 720 2164 muliebriter
729 2118 764 2163 in-

102 2180 175 2227 famis.
208 2182 240 2228 At
256 2182 284 2228 L.
293 2184 400 2231 Volusius
411 2183 505 2246 egregii
515 2182 574 2230 fami
585 2184 711 2239 eoncessit;
729 2183 766 2228 cui

103 2253 149 2292 tres
160 2252 183 2292 et
194 2248 315 2309 nonaginta
326 2251 378 2294 anni
390 2251 485 2310 spatium
494 2249 590 2301 vivendi,
602 2249 766 2309 praecipuaeque

103 2326 157 2372 opes
168 2311 232 2357 bonis
242 2314 333 2370 artibus,
348 2314 458 2361 inoffensa
468 2321 502 2359 tot
512 2315 670 2374 imperatorum
682 2313 768 2358 malitia

102 2377 152 2423 fuit.

106 2472 131 2519 U
144 2473 165 2521 C
181 2478 225 2519 811
299 2443 398 2490 XXXI.
409 2444 503 2491 Nerone
509 2444 638 2496 secundum,
649 2441 677 2487 L.
683 2442 769 2488 Pisone

116 2509 137 2587 J'
147 2506 172 2586 ε’
186 2509 235 2586 58·
268 2509 403 2564 consulibus,
419 2525 490 2572 pauca
504 2506 612 2554 memorii
626 2507 695 2567 digna
712 2521 765 2552 eve-

133 2572 139 2584 ‘
169 2570 175 2583 ⁶
219 2573 225 2586 ⁶
268 2572 333 2627 nire3
352 2575 394 2620 nisi
411 2577 446 2620 cui
465 2575 537 2628 libeat,
554 2572 670 2619 laudandis
686 2571 767 2616 lunda·

107 2638 189 2682 mentis
206 2645 229 2685 et
245 2639 348 2690 trabibus,
368 2637 418 2698 quis
436 2640 518 2686 molem
536 2637 692 2699 amphitheatri
710 2635 769 2696 apud

108 2700 218 2763 Campum
234 2703 316 2750 Martis
333 2703 411 2765 Caesar
426 2711 573 2757 exstruxerat,
593 2702 708 2747 volumina
723 2701 767 2745 im·

88 2765 171 2822 plere:
197 2784 249 2815 cum
269 2785 300 2816 ex
316 2771 429 2834 dignitate
446 2770 524 2834 populi
538 2766 641 2814 Romam
657 2772 775 2823 repertum

77 2826 115 2870 sit
128 2844 168 2874 res
187 2834 295 2884 illustres
312 2838 446 2894 annalibus,
459 2838 515 2886 talia
529 2833 619 2882 ‹liurriis
632 2828 711 2874 blrbis
724 2826 790 2896 hatis

65 2891 196 2964 mandare,
231 2898 365 2953 Caeterum
379 2906 492 2967 coloniae,
509 2901 597 2963 Capua
606 2888 801 2959 aequetis&

60 2948 149 3035 μω
158 2969 296 3029 veteranis,
305 2971 418 3025 firmatae
429 2982 505 3024 sunt:
526 2959 801 3034 plebe'ttilemgwxm
