1680 3188
63 128 159 180 att-69·
224 128 276 178 Lm
285 126 563 178 XVLANNALIUM.
681 131 723 178 Ill

64 263 165 304 mentum
183 258 263 305 citatis.
297 257 356 306 Cum
374 259 448 306 nullus
465 259 558 306 idoneus
574 257 725 320 responderet,

64 330 149 369 certum
166 323 263 370 dominis
274 339 389 370 servorum
400 338 517 370 numerum
530 323 617 380 indixit,
629 337 671 368 nec
681 323 724 368 nisi

64 387 232 447 probatissimos
242 390 338 449 recepit.
370 389 442 442 Quasi
451 403 505 435 vero
520 387 587 434 fatale
604 393 726 433 essetnon

64 465 129 510 posse
141 451 230 498 Gallias
245 452 355 506 debellari,
367 453 409 498 nisi
425 467 438 498 a
451 452 550 508 consule,
561 452 617 513 ipse,¹
627 452 725 498 consuli·

63 515 104 560 bus
123 522 284 578 antetempus
299 517 430 578 magistratu
446 516 556 570 abdicatis,
576 517 636 562 solus
652 517 725 577 magi-

64 585 159 626 stratum
171 581 228 626 iniit.
248 580 308 627 Haec
318 582 408 634 militiae,
417 588 499 627 caetera
508 579 570 625 luxui
582 581 638 626 data.
654 579 724 626 Mux-

63 643 108 689 ima
118 659 174 690 cura
184 644 228 690 fuit
238 646 351 704 portandis
366 645 458 691 scenicis
469 643 558 705 organis
574 644 675 688 vehicula
685 643 725 688 de·

63 705 143 768 igere,
158 709 300 764 concubinas,
312 725 367 768 quas
380 723 459 767 secum¹
472 709 581 763 educeret,
595 707 623 752 ad
638 706 725 753 virilem

63 771 274 826 modum-tondere,
288 780 312 818 et
328 773 440 819 securibus
455 773 563 833 peltisque
579 770 725 825 Amazonicis

63 834 182 882 instruere.
214 836 270 882 Plus
287 838 309 882 in
327 838 367 892 his,
385 851 451 896 quam
467 836 612 882 iri-militibus
629 834 725 882 fiduciae.

62 897 142 946 Ausus
153 900 222 947 etiam
232 902 337 961 Jactiture
344 901 414 947 ⁴simul
424 915 449 948 ac
459 900 595 962 provinciam
606 900 737 961 attigissaer.

62 962 173 1010 inermem
191 979 216 1010 se
232 965 414 1026 inconspectum
431 965 567 1011 exercituum
578 964 723 1024 proditurum,

60 1041 103 1074 nec
114 1028 235 1089 quidquam
246 1029 305 1075 aliud
315 1045 381 1090 quam
392 1029 509 1076 fleturum:
528 1029 681 1088 revocatisque
694 1027 724 1074 ud

61 1092 219 1154 poenitentiam
237 1093 389 1149 defectoribus,
404 1094 504 1155 sequenti
520 1092 556 1139 die
571 1092 648 1138 laetum
664 1092 736 1138 inter„

60 1154 128 1204 laetos
143 1164 283 1204 cantaturum
299 1159 399 1222 epinicia,
413 1173 465 1220 quae
479 1172 539 1205 nunc
545 1158 594 1219 jam
605 1156 646 1204 sibi
660 1169 723 1202 com·

61 1221 116 1280 poni
128 1228 248 1282 oporteret.
701 1258 706 1265 .

93 1281 165 1346 [Tam
183 1285 255 1334 facibs
271 1286 373 1334 victoriae
389 1286 492 1347 opinione
510 1283 570 1331 haud
586 1281 723 1329 comminuta

60 1349 207 1409 pecuniarum
219 1350 319 1398 aviditas.
350 1349 424 1397 Immo
435 1350 517 1397 inbelli
527 1350 638 1409 impensas
645 1358 724 1392 omnes

60 1411 152 1459 ordines
166 1421 252 1474 partem
267 1413 347 1462 censtls
358 1414 472 1471 conferre3
488 1413 624 1475 privaturum
641 1409 722 1456 sedium

61 1481 131 1536 atque
147 1477 269 1524 insularum
287 1480 388 1540 inquilini
407 1479 536 1540 pensionem
554 1489 649 1523 annuam
668 1472 724 1525 fisco

61 1547 224 1601 repraesentare
235 1542 301 1605 jussi.
334 1542 417 1589 Addita
428 1542 522 1597 fastidia,
537 1541 596 1602 quod
611 1538 723 1602 potentio·

61 1618 113 1649 rum
129 1604 218 1668 inJ'uriae
232 1607 341 1662 ultimum,
354 1622 395 1653 ncc
412 1620 508 1667 unquam
524 1607 621 1667 impune.
654 1602 724 1649 Man·

61 1667 139 1714 datum
156 1671 216 1717 enim
232 1672 372 1718 exactoribus
387 1670 442 1716 nihil
457 1672 542 1717 nummi
559 1666 667 1730 recipere,
679 1667 722 1713 nisi

61 1745 174 1794 asperum,
184 1735 240 1781 nibil
251 1735 344 1796 argenti,
356 1735 397 1780 nisi
407 1734 541 1796 pusulatum,
549 1733 605 1779 nibil
614 1733 668 1786 auri,
680 1731 723 1778 nisi

60 1796 90 1843 ad
100 1797 224 1845 obrussam.
257 1800 339 1846 Gravis
352 1799 404 1845 inde
419 1805 497 1845 exorta
509 1798 600 1854 invidia,
613 1796 724 1859 plerisque

61 1861 205 1908 collationem
219 1863 375 1918 recusantibus,
387 1869 410 1909 et
426 1878 440 1909 a
453 1863 586 1909 delatoribus
600 1859 723 1907 revocanda

60 1925 138 1986 potius
156 1927 249 1987 praemia
265 1927 442 1973 clamitantibus:
467 1927 563 1973 accrevit
580 1939 609 1972 ex
627 1937 723 1970 annonae

60 1990 169 2047 caritate3
192 2005 218 2036 ac
236 1991 326 2037 tandem
345 1991 461 2039 subsecuta
478 1990 609 2051 indignatio,
627 2002 678 2034 cum
697 1986 722 2033 in

60 2052 150 2113 publici
159 2053 219 2101 fame
229 2054 382 2101 Alexandrina
391 2054 455 2100 navis
466 2055 606 2099 nuntiaretur
614 2049 723 2098 frumeuti

59 2116 111 2163 loco
121 2117 236 2180 pulverem
251 2134 264 2165 e
278 2117 333 2165 Nilo
348 2118 492 2165 luctatoribus
507 2117 584 2163 aulicis
600 2115 722 2162 advexisse.

62 2179 138 2236 Plebs,
159 2196 274 2242 nunquam
290 2182 434 2244 arrogantior,
451 2195 517 2242 quam
532 2195 583 2226 cum
596 2180 682 2242 jejuna,
698 2179 722 2223 in

61 2246 164 2292 convicia
174 2261 302 2307 erumpere:
321 2247 358 2293 alii
365 2248 445 2301 verbis,
454 2246 543 2306 scriptis
553 2244 589 2290 alii
599 2242 723 2305 principem

60 2307 184 2357 lacessere:
203 2311 275 2365 multi,
283 2311 433 2373 noctejurgia
443 2324 494 2357 cum
505 2310 576 2357 servis
587 2308 724 2361 simulantes,

60 2373 138 2419 crebro
155 2374 271 2420 Vindicem
282 2389 382 2435 poscere.

94 2433 152 2499 [Sed
165 2436 291 2484 ioeditatum
307 2453 349 2484 usu
366 2440 389 2484 in
405 2437 498 2485 Nerone
510 2437 644 2484 occalluerat
658 2448 723 2480 vere·

59 2501 155 2558 cundia;
171 2509 195 2548 et
206 2517 246 2563 pro
257 2500 329 2562 gloria
344 2504 462 2549 habebatur
473 2502 624 2549 conviciorum
634 2499 721 2560 patien-

58 2563 96 2612 tia
129 2564 227 2620 Pudore,
245 2572 346 2612 extremo
361 2568 485 2630 principum
500 2566 612 2629 prasidio,
627 2564 723 2611 destitu-

52 2632 106 2681 tum
124 2636 149 2676 et
165 2629 196 2675 sd
209 2629 304 2691 injurias
322 2640 448 2697 putentem,
468 2631 571 2684 attonuit.
583 2638 666 2679 tamen
680 2634 741 2674 tusa
