<?xml version="1.0" encoding="UTF-8"?>
<!DOCTYPE html PUBLIC "-//W3C//DTD XHTML 1.0 Transitional//EN"
    "http://www.w3.org/TR/xhtml1/DTD/xhtml1-transitional.dtd">
<html xmlns="http://www.w3.org/1999/xhtml" xml:lang="en" lang="en">
 <head>
  <title>
</title>
<meta http-equiv="Content-Type" content="text/html;charset=utf-8" />
  <meta name='ocr-system' content='tesseract 3.04.00' />
  <meta name='ocr-capabilities' content='ocr_page ocr_carea ocr_par ocr_line ocrx_word'/>
</head>
<body>
  <div class='ocr_page' id='page_1' title='image "./ccorneliitaciti01obergoog_0114.png"; bbox 0 0 1680 3188; ppageno 0'>
   <div class='ocr_carea' id='block_1_1' title="bbox 542 37 812 49">
    <p class='ocr_par' dir='ltr' id='par_1_1' title="bbox 542 37 812 49">
     <span class='ocr_line' id='line_1_1' title="bbox 542 37 812 49; baseline 0.007 -2"><span class='ocrx_word' id='word_1_1' title='bbox 542 40 558 43; x_wconf 91' lang='lat'>--</span> <span class='ocrx_word' id='word_1_2' title='bbox 583 40 590 43; x_wconf 95' lang='lat'><em>-</em></span> <span class='ocrx_word' id='word_1_3' title='bbox 601 37 812 49; x_wconf 78' lang='lat'><em>--——··—-</em></span> 
     </span>
    </p>
   </div>
   <div class='ocr_carea' id='block_1_2' title="bbox 66 119 741 179">
    <p class='ocr_par' dir='ltr' id='par_1_2' title="bbox 66 119 741 179">
     <span class='ocr_line' id='line_1_2' title="bbox 66 119 741 179; baseline 0.015 -10"><span class='ocrx_word' id='word_1_4' title='bbox 66 123 164 169; x_wconf 60' lang='lat' dir='ltr'>habu</span> <span class='ocrx_word' id='word_1_5' title='bbox 213 119 658 176; x_wconf 73' lang='lat' dir='ltr'>ANNAHUMLrsXV.csr.1t.</span> <span class='ocrx_word' id='word_1_6' title='bbox 693 131 741 179; x_wconf 78' lang='lat'>10⁷</span> 
     </span>
    </p>
   </div>
   <div class='ocr_carea' id='block_1_3' title="bbox 66 255 742 649">
    <p class='ocr_par' dir='ltr' id='par_1_3' title="bbox 66 255 742 649">
     <span class='ocr_line' id='line_1_3' title="bbox 68 255 742 318; baseline 0.006 -14"><span class='ocrx_word' id='word_1_7' title='bbox 68 270 148 304; x_wconf 90' lang='lat' dir='ltr'>rumor</span> <span class='ocrx_word' id='word_1_8' title='bbox 157 255 290 310; x_wconf 83' lang='lat' dir='ltr'>incesserat,</span> <span class='ocrx_word' id='word_1_9' title='bbox 304 260 397 318; x_wconf 87' lang='lat' dir='ltr'>pontem</span> <span class='ocrx_word' id='word_1_10' title='bbox 408 269 524 304; x_wconf 86' lang='lat' dir='ltr'>cessurum</span> <span class='ocrx_word' id='word_1_11' title='bbox 536 257 600 304; x_wconf 87' lang='lat' dir='ltr'>oneri</span> <span class='ocrx_word' id='word_1_12' title='bbox 611 256 663 306; x_wconf 84' lang='lat' dir='ltr'>dolo</span> <span class='ocrx_word' id='word_1_13' title='bbox 673 258 742 308; x_wconf 81' lang='lat' dir='ltr'>sabri-</span> 
     </span>
     <span class='ocr_line' id='line_1_4' title="bbox 66 320 742 400; baseline 0.012 -32"><span class='ocrx_word' id='word_1_14' title='bbox 66 322 184 400; x_wconf 35' lang='lat' dir='ltr'>contirunns</span> <span class='ocrx_word' id='word_1_15' title='bbox 207 320 248 369; x_wconf 87' lang='lat' dir='ltr'>sed</span> <span class='ocrx_word' id='word_1_16' title='bbox 258 321 296 383; x_wconf 87' lang='lat' dir='ltr'>qui</span> <span class='ocrx_word' id='word_1_17' title='bbox 306 320 395 383; x_wconf 73' lang='lat' dir='ltr'>ingredi</span> <span class='ocrx_word' id='word_1_18' title='bbox 402 320 451 369; x_wconf 91' lang='lat' dir='ltr'>susi</span> <span class='ocrx_word' id='word_1_19' title='bbox 461 328 521 376; x_wconf 80' lang='lat' dir='ltr'>sunt,</span> <span class='ocrx_word' id='word_1_20' title='bbox 533 321 632 372; x_wconf 75' lang='lat' dir='ltr'>validum</span> <span class='ocrx_word' id='word_1_21' title='bbox 640 330 664 372; x_wconf 90' lang='lat' dir='ltr'>et</span> <span class='ocrx_word' id='word_1_22' title='bbox 670 323 742 376; x_wconf 80' lang='lat' dir='ltr'>fidum</span> 
     </span>
     <span class='ocr_line' id='line_1_5' title="bbox 67 386 741 515; baseline 0.01 -17"><span class='ocrx_word' id='word_1_23' title='bbox 67 386 313 501; x_wconf 35' lang='lat' dir='ltr'>mffffimcetem</span> <span class='ocrx_word' id='word_1_24' title='bbox 323 451 419 500; x_wconf 85' lang='lat' dir='ltr'>obsessis</span> <span class='ocrx_word' id='word_1_25' title='bbox 433 451 489 499; x_wconf 84' lang='lat' dir='ltr'>adeo</span> <span class='ocrx_word' id='word_1_26' title='bbox 505 453 682 515; x_wconf 65' lang='lat' dir='ltr'>suppeditavisse</span> <span class='ocrx_word' id='word_1_27' title='bbox 693 470 741 505; x_wconf 77' lang='lat' dir='ltr'>ren</span> 
     </span>
     <span class='ocr_line' id='line_1_6' title="bbox 67 515 739 584; baseline 0.007 -19"><span class='ocrx_word' id='word_1_28' title='bbox 67 516 242 565; x_wconf 77' lang='lat' dir='ltr'>frumentariam</span> <span class='ocrx_word' id='word_1_29' title='bbox 253 515 361 570; x_wconf 69' lang='lat' dir='ltr'>constitit</span> <span class='ocrx_word' id='word_1_30' title='bbox 379 524 405 565; x_wconf 90' lang='lat' dir='ltr'>ut</span> <span class='ocrx_word' id='word_1_31' title='bbox 418 517 504 564; x_wconf 80' lang='lat' dir='ltr'>horreis</span> <span class='ocrx_word' id='word_1_32' title='bbox 518 519 596 580; x_wconf 78' lang='lat' dir='ltr'>ignem</span> <span class='ocrx_word' id='word_1_33' title='bbox 606 520 739 584; x_wconf 84' lang='lat' dir='ltr'>injicerent:</span> 
     </span>
     <span class='ocr_line' id='line_1_7' title="bbox 68 579 742 649; baseline 0.009 -21"><span class='ocrx_word' id='word_1_34' title='bbox 68 590 196 644; x_wconf 69' lang='lat' dir='ltr'>conosqrm</span> <span class='ocrx_word' id='word_1_35' title='bbox 205 581 329 644; x_wconf 80' lang='lat' dir='ltr'>prodiderit</span> <span class='ocrx_word' id='word_1_36' title='bbox 340 579 447 637; x_wconf 86' lang='lat' dir='ltr'>Corbulo,</span> <span class='ocrx_word' id='word_1_37' title='bbox 466 581 564 631; x_wconf 86' lang='lat' dir='ltr'>Parthos</span> <span class='ocrx_word' id='word_1_38' title='bbox 574 585 653 647; x_wconf 89' lang='lat' dir='ltr'>inopes</span> <span class='ocrx_word' id='word_1_39' title='bbox 663 588 742 649; x_wconf 80' lang='lat' dir='ltr'>copia·</span> 
     </span>
    </p>
   </div>
   <div class='ocr_carea' id='block_1_4' title="bbox 65 646 750 2664">
    <p class='ocr_par' dir='ltr' id='par_1_4' title="bbox 65 646 743 1819">
     <span class='ocr_line' id='line_1_8' title="bbox 69 646 741 709; baseline 0.013 -19"><span class='ocrx_word' id='word_1_40' title='bbox 69 663 128 703; x_wconf 77' lang='lat' dir='ltr'>rum,</span> <span class='ocrx_word' id='word_1_41' title='bbox 139 655 165 695; x_wconf 81' lang='lat' dir='ltr'>et</span> <span class='ocrx_word' id='word_1_42' title='bbox 176 646 258 708; x_wconf 75' lang='lat' dir='ltr'>pabulo</span> <span class='ocrx_word' id='word_1_43' title='bbox 269 647 355 700; x_wconf 87' lang='lat' dir='ltr'>attrito,</span> <span class='ocrx_word' id='word_1_44' title='bbox 366 647 687 709; x_wconf 74' lang='lat' dir='ltr'>relicturosoppugnstionern</span> <span class='ocrx_word' id='word_1_45' title='bbox 699 667 741 699; x_wconf 86' lang='lat' dir='ltr'>no·</span> 
     </span>
     <span class='ocr_line' id='line_1_9' title="bbox 68 709 741 779; baseline 0.004 -19"><span class='ocrx_word' id='word_1_46' title='bbox 68 728 114 775; x_wconf 85' lang='lat' dir='ltr'>qne</span> <span class='ocrx_word' id='word_1_47' title='bbox 124 727 151 760; x_wconf 88' lang='lat' dir='ltr'>se</span> <span class='ocrx_word' id='word_1_48' title='bbox 165 712 218 773; x_wconf 90' lang='lat' dir='ltr'>plus</span> <span class='ocrx_word' id='word_1_49' title='bbox 232 711 300 758; x_wconf 91' lang='lat' dir='ltr'>tridui</span> <span class='ocrx_word' id='word_1_50' title='bbox 311 712 392 758; x_wconf 85' lang='lat' dir='ltr'>itinere</span> <span class='ocrx_word' id='word_1_51' title='bbox 407 709 511 758; x_wconf 81' lang='lat' dir='ltr'>abfuisse.</span> <span class='ocrx_word' id='word_1_52' title='bbox 542 713 641 776; x_wconf 79' lang='lat' dir='ltr'>Adjecit,</span> <span class='ocrx_word' id='word_1_53' title='bbox 652 716 741 779; x_wconf 86' lang='lat' dir='ltr'>jurejrr-</span> 
     </span>
     <span class='ocr_line' id='line_1_10' title="bbox 68 775 742 842; baseline 0.001 -16"><span class='ocrx_word' id='word_1_54' title='bbox 68 777 141 826; x_wconf 81' lang='lat' dir='ltr'>raudo</span> <span class='ocrx_word' id='word_1_55' title='bbox 153 775 216 825; x_wconf 77' lang='lat' dir='ltr'>Posti</span> <span class='ocrx_word' id='word_1_56' title='bbox 226 783 317 824; x_wconf 86' lang='lat' dir='ltr'>cautum</span> <span class='ocrx_word' id='word_1_57' title='bbox 328 775 387 839; x_wconf 85' lang='lat' dir='ltr'>apud</span> <span class='ocrx_word' id='word_1_58' title='bbox 397 775 470 837; x_wconf 76' lang='lat' dir='ltr'>signa.</span> <span class='ocrx_word' id='word_1_59' title='bbox 481 777 621 824; x_wconf 69' lang='lat' dir='ltr'>adstamffius</span> <span class='ocrx_word' id='word_1_60' title='bbox 634 779 668 835; x_wconf 88' lang='lat' dir='ltr'>iis,</span> <span class='ocrx_word' id='word_1_61' title='bbox 684 797 742 842; x_wconf 78' lang='lat' dir='ltr'>quos</span> 
     </span>
     <span class='ocr_line' id='line_1_11' title="bbox 68 841 742 895; baseline -0.001 -3"><span class='ocrx_word' id='word_1_62' title='bbox 68 841 213 892; x_wconf 70' lang='lat' dir='ltr'>tutificaudo</span> <span class='ocrx_word' id='word_1_63' title='bbox 224 855 265 889; x_wconf 83' lang='lat' dir='ltr'>rex</span> <span class='ocrx_word' id='word_1_64' title='bbox 275 841 380 894; x_wconf 75' lang='lat' dir='ltr'>misisset,</span> <span class='ocrx_word' id='word_1_65' title='bbox 391 841 505 888; x_wconf 89' lang='lat' dir='ltr'>neminem</span> <span class='ocrx_word' id='word_1_66' title='bbox 514 841 645 891; x_wconf 86' lang='lat' dir='ltr'>Romanum</span> <span class='ocrx_word' id='word_1_67' title='bbox 656 844 742 895; x_wconf 76' lang='lat' dir='ltr'>Arme·</span> 
     </span>
     <span class='ocr_line' id='line_1_12' title="bbox 68 904 740 971; baseline 0.004 -16"><span class='ocrx_word' id='word_1_68' title='bbox 68 909 132 956; x_wconf 85' lang='lat' dir='ltr'>niam</span> <span class='ocrx_word' id='word_1_69' title='bbox 143 908 307 970; x_wconf 79' lang='lat' dir='ltr'>ingressurum,</span> <span class='ocrx_word' id='word_1_70' title='bbox 319 906 391 953; x_wconf 89' lang='lat' dir='ltr'>donec</span> <span class='ocrx_word' id='word_1_71' title='bbox 402 904 537 954; x_wconf 83' lang='lat' dir='ltr'>referrentur</span> <span class='ocrx_word' id='word_1_72' title='bbox 547 907 620 956; x_wconf 78' lang='lat' dir='ltr'>literae</span> <span class='ocrx_word' id='word_1_73' title='bbox 631 908 740 971; x_wconf 57' lang='lat' dir='ltr'>Neronis</span> 
     </span>
     <span class='ocr_line' id='line_1_13' title="bbox 69 970 740 1036; baseline 0.004 -14"><span class='ocrx_word' id='word_1_74' title='bbox 69 988 99 1022; x_wconf 82' lang='lat' dir='ltr'>sa</span> <span class='ocrx_word' id='word_1_75' title='bbox 114 974 166 1036; x_wconf 86' lang='lat' dir='ltr'>paci</span> <span class='ocrx_word' id='word_1_76' title='bbox 180 978 297 1019; x_wconf 75' lang='lat' dir='ltr'>annueret.</span> <span class='ocrx_word' id='word_1_77' title='bbox 331 970 392 1026; x_wconf 81' lang='lat' dir='ltr'>Quae</span> <span class='ocrx_word' id='word_1_78' title='bbox 407 978 434 1017; x_wconf 87' lang='lat' dir='ltr'>ut</span> <span class='ocrx_word' id='word_1_79' title='bbox 446 973 557 1034; x_wconf 80' lang='lat' dir='ltr'>augendae</span> <span class='ocrx_word' id='word_1_80' title='bbox 567 973 666 1023; x_wconf 77' lang='lat' dir='ltr'>infamiae</span> <span class='ocrx_word' id='word_1_81' title='bbox 677 993 740 1024; x_wconf 87' lang='lat' dir='ltr'>cons·</span> 
     </span>
     <span class='ocr_line' id='line_1_14' title="bbox 67 1037 743 1102; baseline 0.007 -17"><span class='ocrx_word' id='word_1_82' title='bbox 67 1039 151 1102; x_wconf 84' lang='lat' dir='ltr'>posits.</span> <span class='ocrx_word' id='word_1_83' title='bbox 166 1037 200 1085; x_wconf 88' lang='lat' dir='ltr'>sic</span> <span class='ocrx_word' id='word_1_84' title='bbox 211 1037 298 1098; x_wconf 87' lang='lat' dir='ltr'>reliqua</span> <span class='ocrx_word' id='word_1_85' title='bbox 307 1051 355 1083; x_wconf 88' lang='lat' dir='ltr'>non</span> <span class='ocrx_word' id='word_1_86' title='bbox 365 1037 389 1083; x_wconf 91' lang='lat' dir='ltr'>in</span> <span class='ocrx_word' id='word_1_87' title='bbox 400 1037 495 1083; x_wconf 88' lang='lat' dir='ltr'>obscuro</span> <span class='ocrx_word' id='word_1_88' title='bbox 506 1037 630 1086; x_wconf 80' lang='lat' dir='ltr'>habentur:</span> <span class='ocrx_word' id='word_1_89' title='bbox 650 1040 696 1088; x_wconf 79' lang='lat' dir='ltr'>uni</span> <span class='ocrx_word' id='word_1_90' title='bbox 706 1043 743 1091; x_wconf 87' lang='lat' dir='ltr'>die</span> 
     </span>
     <span class='ocr_line' id='line_1_15' title="bbox 67 1102 739 1167; baseline 0.007 -17"><span class='ocrx_word' id='word_1_91' title='bbox 67 1103 220 1167; x_wconf 77' lang='lat' dir='ltr'>quadraginta</span> <span class='ocrx_word' id='word_1_92' title='bbox 229 1102 325 1149; x_wconf 86' lang='lat' dir='ltr'>millium</span> <span class='ocrx_word' id='word_1_93' title='bbox 336 1103 432 1164; x_wconf 84' lang='lat' dir='ltr'>spatium</span> <span class='ocrx_word' id='word_1_94' title='bbox 443 1117 560 1149; x_wconf 83' lang='lat' dir='ltr'>emensum</span> <span class='ocrx_word' id='word_1_95' title='bbox 575 1120 625 1151; x_wconf 87' lang='lat' dir='ltr'>esse</span> <span class='ocrx_word' id='word_1_96' title='bbox 640 1105 739 1163; x_wconf 86' lang='lat' dir='ltr'>Paetunr,</span> 
     </span>
     <span class='ocr_line' id='line_1_16' title="bbox 70 1167 741 1230; baseline 0.012 -18"><span class='ocrx_word' id='word_1_97' title='bbox 70 1169 168 1219; x_wconf 78' lang='lat' dir='ltr'>desertis</span> <span class='ocrx_word' id='word_1_98' title='bbox 183 1169 267 1230; x_wconf 81' lang='lat' dir='ltr'>passim</span> <span class='ocrx_word' id='word_1_99' title='bbox 282 1167 375 1224; x_wconf 83' lang='lat' dir='ltr'>sauciis;</span> <span class='ocrx_word' id='word_1_100' title='bbox 395 1182 470 1229; x_wconf 89' lang='lat' dir='ltr'>neque</span> <span class='ocrx_word' id='word_1_101' title='bbox 484 1169 558 1216; x_wconf 90' lang='lat' dir='ltr'>minus</span> <span class='ocrx_word' id='word_1_102' title='bbox 573 1168 697 1218; x_wconf 86' lang='lat' dir='ltr'>deformem</span> <span class='ocrx_word' id='word_1_103' title='bbox 707 1174 741 1220; x_wconf 83' lang='lat' dir='ltr'>il·</span> 
     </span>
     <span class='ocr_line' id='line_1_17' title="bbox 68 1232 742 1296; baseline 0.006 -14"><span class='ocrx_word' id='word_1_104' title='bbox 68 1234 115 1283; x_wconf 82' lang='lat' dir='ltr'>lam</span> <span class='ocrx_word' id='word_1_105' title='bbox 125 1233 262 1296; x_wconf 77' lang='lat' dir='ltr'>fugientium</span> <span class='ocrx_word' id='word_1_106' title='bbox 274 1232 452 1295; x_wconf 72' lang='lat' dir='ltr'>trepidationem,</span> <span class='ocrx_word' id='word_1_107' title='bbox 467 1248 535 1294; x_wconf 90' lang='lat' dir='ltr'>quarn</span> <span class='ocrx_word' id='word_1_108' title='bbox 550 1234 569 1280; x_wconf 92' lang='lat' dir='ltr'>si</span> <span class='ocrx_word' id='word_1_109' title='bbox 583 1241 648 1296; x_wconf 83' lang='lat' dir='ltr'>terga</span> <span class='ocrx_word' id='word_1_110' title='bbox 658 1237 681 1282; x_wconf 92' lang='lat' dir='ltr'>in</span> <span class='ocrx_word' id='word_1_111' title='bbox 692 1239 742 1286; x_wconf 85' lang='lat' dir='ltr'>scie</span> 
     </span>
     <span class='ocr_line' id='line_1_18' title="bbox 68 1296 740 1364; baseline 0.001 -18"><span class='ocrx_word' id='word_1_112' title='bbox 68 1299 201 1348; x_wconf 78' lang='lat' dir='ltr'>vertissent.</span> <span class='ocrx_word' id='word_1_113' title='bbox 233 1296 341 1352; x_wconf 77' lang='lat' dir='ltr'>Corbulo,</span> <span class='ocrx_word' id='word_1_114' title='bbox 363 1313 416 1345; x_wconf 89' lang='lat' dir='ltr'>cum</span> <span class='ocrx_word' id='word_1_115' title='bbox 433 1299 480 1346; x_wconf 87' lang='lat' dir='ltr'>suis</span> <span class='ocrx_word' id='word_1_116' title='bbox 499 1298 570 1361; x_wconf 88' lang='lat' dir='ltr'>copiis</span> <span class='ocrx_word' id='word_1_117' title='bbox 590 1301 649 1361; x_wconf 91' lang='lat' dir='ltr'>apud</span> <span class='ocrx_word' id='word_1_118' title='bbox 668 1303 740 1364; x_wconf 78' lang='lat' dir='ltr'>ripam</span> 
     </span>
     <span class='ocr_line' id='line_1_19' title="bbox 68 1363 739 1428; baseline 0.001 -15"><span class='ocrx_word' id='word_1_119' title='bbox 68 1363 196 1428; x_wconf 78' lang='lat' dir='ltr'>Euphratis</span> <span class='ocrx_word' id='word_1_120' title='bbox 205 1364 293 1419; x_wconf 81' lang='lat' dir='ltr'>obvius,</span> <span class='ocrx_word' id='word_1_121' title='bbox 306 1379 353 1410; x_wconf 90' lang='lat' dir='ltr'>non</span> <span class='ocrx_word' id='word_1_122' title='bbox 363 1378 413 1411; x_wconf 85' lang='lat' dir='ltr'>eam</span> <span class='ocrx_word' id='word_1_123' title='bbox 424 1363 521 1426; x_wconf 88' lang='lat' dir='ltr'>speciem</span> <span class='ocrx_word' id='word_1_124' title='bbox 532 1364 656 1426; x_wconf 82' lang='lat' dir='ltr'>insignium</span> <span class='ocrx_word' id='word_1_125' title='bbox 668 1374 692 1414; x_wconf 90' lang='lat' dir='ltr'>et</span> <span class='ocrx_word' id='word_1_126' title='bbox 702 1382 739 1415; x_wconf 82' lang='lat' dir='ltr'>ar·</span> 
     </span>
     <span class='ocr_line' id='line_1_20' title="bbox 69 1429 740 1491; baseline 0.006 -13"><span class='ocrx_word' id='word_1_127' title='bbox 69 1445 161 1478; x_wconf 86' lang='lat' dir='ltr'>morum</span> <span class='ocrx_word' id='word_1_128' title='bbox 172 1429 279 1491; x_wconf 85' lang='lat' dir='ltr'>praetuiit,</span> <span class='ocrx_word' id='word_1_129' title='bbox 291 1436 317 1475; x_wconf 91' lang='lat' dir='ltr'>ut</span> <span class='ocrx_word' id='word_1_130' title='bbox 327 1429 479 1477; x_wconf 79' lang='lat' dir='ltr'>diversitatem</span> <span class='ocrx_word' id='word_1_131' title='bbox 490 1431 647 1491; x_wconf 79' lang='lat' dir='ltr'>exprobraret:</span> <span class='ocrx_word' id='word_1_132' title='bbox 662 1433 740 1482; x_wconf 87' lang='lat' dir='ltr'>moesti</span> 
     </span>
     <span class='ocr_line' id='line_1_21' title="bbox 68 1493 739 1558; baseline 0.003 -14"><span class='ocrx_word' id='word_1_133' title='bbox 68 1493 186 1558; x_wconf 81' lang='lat' dir='ltr'>manipuli,</span> <span class='ocrx_word' id='word_1_134' title='bbox 197 1509 224 1542; x_wconf 89' lang='lat' dir='ltr'>sc</span> <span class='ocrx_word' id='word_1_135' title='bbox 236 1495 309 1542; x_wconf 82' lang='lat' dir='ltr'>vicem</span> <span class='ocrx_word' id='word_1_136' title='bbox 321 1493 500 1542; x_wconf 78' lang='lat' dir='ltr'>commilitonum</span> <span class='ocrx_word' id='word_1_137' title='bbox 511 1495 650 1552; x_wconf 78' lang='lat' dir='ltr'>miserantes,</span> <span class='ocrx_word' id='word_1_138' title='bbox 666 1513 695 1546; x_wconf 88' lang='lat' dir='ltr'>ne</span> <span class='ocrx_word' id='word_1_139' title='bbox 705 1499 739 1546; x_wconf 89' lang='lat' dir='ltr'>la·</span> 
     </span>
     <span class='ocr_line' id='line_1_22' title="bbox 66 1559 740 1628; baseline 0.01 -22"><span class='ocrx_word' id='word_1_140' title='bbox 66 1561 156 1622; x_wconf 81' lang='lat' dir='ltr'>cryrnis</span> <span class='ocrx_word' id='word_1_141' title='bbox 173 1559 265 1622; x_wconf 84' lang='lat' dir='ltr'>quidem</span> <span class='ocrx_word' id='word_1_142' title='bbox 283 1568 422 1621; x_wconf 76' lang='lat' dir='ltr'>temperares</span> <span class='ocrx_word' id='word_1_143' title='bbox 444 1561 484 1609; x_wconf 87' lang='lat' dir='ltr'>vix</span> <span class='ocrx_word' id='word_1_144' title='bbox 498 1577 547 1623; x_wconf 81' lang='lat' dir='ltr'>pras</span> <span class='ocrx_word' id='word_1_145' title='bbox 560 1560 616 1609; x_wconf 89' lang='lat' dir='ltr'>fletu</span> <span class='ocrx_word' id='word_1_146' title='bbox 632 1570 740 1628; x_wconf 74' lang='lat' dir='ltr'>usurpata</span> 
     </span>
     <span class='ocr_line' id='line_1_23' title="bbox 66 1623 738 1677; baseline 0.001 -2"><span class='ocrx_word' id='word_1_147' title='bbox 66 1625 227 1675; x_wconf 79' lang='lat' dir='ltr'>consalutatio.</span> <span class='ocrx_word' id='word_1_148' title='bbox 259 1623 396 1673; x_wconf 85' lang='lat' dir='ltr'>Decesserst</span> <span class='ocrx_word' id='word_1_149' title='bbox 410 1632 529 1672; x_wconf 86' lang='lat' dir='ltr'>certamen·</span> <span class='ocrx_word' id='word_1_150' title='bbox 542 1627 633 1674; x_wconf 88' lang='lat' dir='ltr'>virtutis</span> <span class='ocrx_word' id='word_1_151' title='bbox 651 1636 674 1675; x_wconf 89' lang='lat' dir='ltr'>et</span> <span class='ocrx_word' id='word_1_152' title='bbox 689 1645 738 1677; x_wconf 87' lang='lat' dir='ltr'>sm-</span> 
     </span>
     <span class='ocr_line' id='line_1_24' title="bbox 65 1689 739 1753; baseline 0.001 -12"><span class='ocrx_word' id='word_1_153' title='bbox 65 1691 124 1741; x_wconf 83' lang='lat' dir='ltr'>hitio</span> <span class='ocrx_word' id='word_1_154' title='bbox 134 1689 225 1753; x_wconf 70' lang='lat' dir='ltr'>glorie,</span> <span class='ocrx_word' id='word_1_155' title='bbox 238 1689 339 1739; x_wconf 82' lang='lat' dir='ltr'>felicium</span> <span class='ocrx_word' id='word_1_156' title='bbox 354 1690 471 1738; x_wconf 90' lang='lat' dir='ltr'>hominurn</span> <span class='ocrx_word' id='word_1_157' title='bbox 482 1690 589 1739; x_wconf 83' lang='lat' dir='ltr'>affectus:</span> <span class='ocrx_word' id='word_1_158' title='bbox 611 1693 660 1740; x_wconf 85' lang='lat' dir='ltr'>sols</span> <span class='ocrx_word' id='word_1_159' title='bbox 670 1695 739 1742; x_wconf 81' lang='lat' dir='ltr'>miss·</span> 
     </span>
     <span class='ocr_line' id='line_1_25' title="bbox 68 1756 574 1819; baseline -0.008 -14"><span class='ocrx_word' id='word_1_160' title='bbox 68 1756 167 1805; x_wconf 82' lang='lat' dir='ltr'>sicordia</span> <span class='ocrx_word' id='word_1_161' title='bbox 175 1756 269 1811; x_wconf 87' lang='lat' dir='ltr'>valebat,</span> <span class='ocrx_word' id='word_1_162' title='bbox 281 1763 305 1804; x_wconf 88' lang='lat' dir='ltr'>et</span> <span class='ocrx_word' id='word_1_163' title='bbox 315 1756 373 1818; x_wconf 88' lang='lat' dir='ltr'>apud</span> <span class='ocrx_word' id='word_1_164' title='bbox 383 1757 483 1804; x_wconf 91' lang='lat' dir='ltr'>minores</span> <span class='ocrx_word' id='word_1_165' title='bbox 493 1757 574 1819; x_wconf 83' lang='lat' dir='ltr'>magis.</span> 
     </span>
    </p>

    <p class='ocr_par' dir='ltr' id='par_1_5' title="bbox 67 1819 750 2664">
     <span class='ocr_line' id='line_1_26' title="bbox 103 1819 738 1872; baseline 0.005 -3"><span class='ocrx_word' id='word_1_166' title='bbox 103 1819 191 1869; x_wconf 83' lang='lat' dir='ltr'>xvu.</span> <span class='ocrx_word' id='word_1_167' title='bbox 207 1820 301 1869; x_wconf 89' lang='lat' dir='ltr'>Ducum</span> <span class='ocrx_word' id='word_1_168' title='bbox 313 1823 372 1868; x_wconf 90' lang='lat' dir='ltr'>inter</span> <span class='ocrx_word' id='word_1_169' title='bbox 382 1836 407 1867; x_wconf 89' lang='lat' dir='ltr'>se</span> <span class='ocrx_word' id='word_1_170' title='bbox 417 1821 491 1868; x_wconf 80' lang='lat' dir='ltr'>brevis</span> <span class='ocrx_word' id='word_1_171' title='bbox 503 1836 577 1869; x_wconf 83' lang='lat' dir='ltr'>senno</span> <span class='ocrx_word' id='word_1_172' title='bbox 588 1830 680 1870; x_wconf 86' lang='lat' dir='ltr'>secutus</span> <span class='ocrx_word' id='word_1_173' title='bbox 696 1831 738 1872; x_wconf 84' lang='lat' dir='ltr'>est.</span> 
     </span>
     <span class='ocr_line' id='line_1_27' title="bbox 69 1885 738 1949; baseline 0.003 -14"><span class='ocrx_word' id='word_1_174' title='bbox 69 1885 127 1935; x_wconf 83' lang='lat' dir='ltr'>Hoc</span> <span class='ocrx_word' id='word_1_175' title='bbox 143 1894 295 1948; x_wconf 86' lang='lat' dir='ltr'>conquerente</span> <span class='ocrx_word' id='word_1_176' title='bbox 307 1886 395 1933; x_wconf 90' lang='lat' dir='ltr'>irritum</span> <span class='ocrx_word' id='word_1_177' title='bbox 410 1886 523 1934; x_wconf 78' lang='lat' dir='ltr'>laborem:</span> <span class='ocrx_word' id='word_1_178' title='bbox 542 1889 643 1949; x_wconf 89' lang='lat' dir='ltr'>potuisse</span> <span class='ocrx_word' id='word_1_179' title='bbox 654 1889 738 1937; x_wconf 84' lang='lat' dir='ltr'>bellum</span> 
     </span>
     <span class='ocr_line' id='line_1_28' title="bbox 68 1950 741 2014; baseline 0.004 -15"><span class='ocrx_word' id='word_1_180' title='bbox 68 1950 127 2014; x_wconf 76' lang='lat' dir='ltr'>iugi</span> <span class='ocrx_word' id='word_1_181' title='bbox 143 1951 279 2000; x_wconf 74' lang='lat' dir='ltr'>Parthorum</span> <span class='ocrx_word' id='word_1_182' title='bbox 298 1950 371 2008; x_wconf 81' lang='lat' dir='ltr'>iiniri3</span> <span class='ocrx_word' id='word_1_183' title='bbox 391 1951 430 1997; x_wconf 88' lang='lat' dir='ltr'>iile</span> <span class='ocrx_word' id='word_1_184' title='bbox 446 1952 536 2014; x_wconf 83' lang='lat' dir='ltr'>integra</span> <span class='ocrx_word' id='word_1_185' title='bbox 553 1953 641 2014; x_wconf 89' lang='lat' dir='ltr'>utrique</span> <span class='ocrx_word' id='word_1_186' title='bbox 658 1963 741 2004; x_wconf 72' lang='lat' dir='ltr'>cuncn</span> 
     </span>
     <span class='ocr_line' id='line_1_29' title="bbox 69 2015 739 2078; baseline 0.003 -13"><span class='ocrx_word' id='word_1_187' title='bbox 69 2017 202 2078; x_wconf 85' lang='lat' dir='ltr'>respondit:</span> <span class='ocrx_word' id='word_1_188' title='bbox 221 2023 380 2063; x_wconf 87' lang='lat' dir='ltr'>converterent</span> <span class='ocrx_word' id='word_1_189' title='bbox 391 2015 483 2076; x_wconf 85' lang='lat' dir='ltr'>aquilas,</span> <span class='ocrx_word' id='word_1_190' title='bbox 494 2023 518 2063; x_wconf 89' lang='lat' dir='ltr'>et</span> <span class='ocrx_word' id='word_1_191' title='bbox 524 2018 599 2078; x_wconf 87' lang='lat' dir='ltr'>juncti</span> <span class='ocrx_word' id='word_1_192' title='bbox 606 2018 739 2067; x_wconf 75' lang='lat' dir='ltr'>invaderent</span> 
     </span>
     <span class='ocr_line' id='line_1_30' title="bbox 70 2080 740 2142; baseline 0.003 -12"><span class='ocrx_word' id='word_1_193' title='bbox 70 2082 213 2137; x_wconf 78' lang='lat' dir='ltr'>Anneniam,</span> <span class='ocrx_word' id='word_1_194' title='bbox 235 2083 341 2129; x_wconf 81' lang='lat' dir='ltr'>abscessu</span> <span class='ocrx_word' id='word_1_195' title='bbox 358 2080 482 2142; x_wconf 85' lang='lat' dir='ltr'>Vologesis</span> <span class='ocrx_word' id='word_1_196' title='bbox 502 2080 645 2129; x_wconf 84' lang='lat' dir='ltr'>infirmatam.</span> <span class='ocrx_word' id='word_1_197' title='bbox 683 2083 740 2132; x_wconf 83' lang='lat' dir='ltr'>Nos</span> 
     </span>
     <span class='ocr_line' id='line_1_31' title="bbox 67 2136 740 2210; baseline -0.001 -15"><span class='ocrx_word' id='word_1_198' title='bbox 67 2162 98 2195; x_wconf 67' lang='lat' dir='ltr'>a</span> <span class='ocrx_word' id='word_1_199' title='bbox 114 2136 257 2210; x_wconf 66' lang='lat' dir='ltr'>inperatoris</span> <span class='ocrx_word' id='word_1_200' title='bbox 275 2148 357 2194; x_wconf 70' lang='lat' dir='ltr'>roeo</span> <span class='ocrx_word' id='word_1_201' title='bbox 373 2147 484 2199; x_wconf 66' lang='lat' dir='ltr'>monuo,</span> <span class='ocrx_word' id='word_1_202' title='bbox 505 2144 619 2195; x_wconf 71' lang='lat' dir='ltr'>cornuis:</span> <span class='ocrx_word' id='word_1_203' title='bbox 640 2148 740 2210; x_wconf 71' lang='lat' dir='ltr'>perenn</span> 
     </span>
     <span class='ocr_line' id='line_1_32' title="bbox 67 2209 740 2275; baseline 0.004 -17"><span class='ocrx_word' id='word_1_204' title='bbox 67 2212 189 2275; x_wconf 78' lang='lat' dir='ltr'>legionum</span> <span class='ocrx_word' id='word_1_205' title='bbox 200 2220 372 2266; x_wconf 66' lang='lat' dir='ltr'>commoturus</span> <span class='ocrx_word' id='word_1_206' title='bbox 382 2209 631 2273; x_wconf 78' lang='lat' dir='ltr'>provinciisegressum:</span> <span class='ocrx_word' id='word_1_207' title='bbox 649 2215 740 2274; x_wconf 82' lang='lat' dir='ltr'>quando</span> 
     </span>
     <span class='ocr_line' id='line_1_33' title="bbox 70 2276 740 2338; baseline 0.004 -15"><span class='ocrx_word' id='word_1_208' title='bbox 70 2277 95 2325; x_wconf 89' lang='lat' dir='ltr'>in</span> <span class='ocrx_word' id='word_1_209' title='bbox 106 2279 194 2326; x_wconf 88' lang='lat' dir='ltr'>incerto</span> <span class='ocrx_word' id='word_1_210' title='bbox 205 2279 329 2324; x_wconf 83' lang='lat' dir='ltr'>habeantur</span> <span class='ocrx_word' id='word_1_211' title='bbox 341 2276 477 2324; x_wconf 88' lang='lat' dir='ltr'>Parthorum</span> <span class='ocrx_word' id='word_1_212' title='bbox 488 2285 592 2331; x_wconf 84' lang='lat' dir='ltr'>conatus,</span> <span class='ocrx_word' id='word_1_213' title='bbox 602 2277 691 2338; x_wconf 85' lang='lat' dir='ltr'>Syriam</span> <span class='ocrx_word' id='word_1_214' title='bbox 703 2294 740 2326; x_wconf 88' lang='lat' dir='ltr'>re·</span> 
     </span>
     <span class='ocr_line' id='line_1_34' title="bbox 69 2341 741 2405; baseline 0 -15"><span class='ocrx_word' id='word_1_215' title='bbox 69 2343 202 2405; x_wconf 84' lang='lat' dir='ltr'>petiturum.</span> <span class='ocrx_word' id='word_1_216' title='bbox 230 2343 268 2389; x_wconf 88' lang='lat' dir='ltr'>Sic</span> <span class='ocrx_word' id='word_1_217' title='bbox 276 2358 365 2403; x_wconf 87' lang='lat' dir='ltr'>quoque</span> <span class='ocrx_word' id='word_1_218' title='bbox 375 2342 482 2404; x_wconf 85' lang='lat' dir='ltr'>optimam</span> <span class='ocrx_word' id='word_1_219' title='bbox 493 2341 619 2390; x_wconf 87' lang='lat' dir='ltr'>Fortunam</span> <span class='ocrx_word' id='word_1_220' title='bbox 625 2344 741 2400; x_wconf 80' lang='lat' dir='ltr'>orandam,</span> 
     </span>
     <span class='ocr_line' id='line_1_35' title="bbox 71 2404 741 2470; baseline -0.003 -13"><span class='ocrx_word' id='word_1_221' title='bbox 71 2415 98 2457; x_wconf 90' lang='lat' dir='ltr'>ut</span> <span class='ocrx_word' id='word_1_222' title='bbox 108 2409 184 2470; x_wconf 87' lang='lat' dir='ltr'>pedes,</span> <span class='ocrx_word' id='word_1_223' title='bbox 201 2408 317 2454; x_wconf 78' lang='lat' dir='ltr'>coniectus</span> <span class='ocrx_word' id='word_1_224' title='bbox 328 2404 405 2469; x_wconf 70' lang='lat' dir='ltr'>spatiis</span> <span class='ocrx_word' id='word_1_225' title='bbox 414 2408 528 2462; x_wconf 83' lang='lat' dir='ltr'>itinerum,</span> <span class='ocrx_word' id='word_1_226' title='bbox 542 2408 640 2455; x_wconf 74' lang='lat' dir='ltr'>elacrem</span> <span class='ocrx_word' id='word_1_227' title='bbox 651 2415 675 2455; x_wconf 92' lang='lat' dir='ltr'>et</span> <span class='ocrx_word' id='word_1_228' title='bbox 685 2407 741 2456; x_wconf 82' lang='lat' dir='ltr'>faci·</span> 
     </span>
     <span class='ocr_line' id='line_1_36' title="bbox 71 2472 743 2535; baseline 0.006 -17"><span class='ocrx_word' id='word_1_229' title='bbox 71 2472 135 2520; x_wconf 86' lang='lat' dir='ltr'>litate</span> <span class='ocrx_word' id='word_1_230' title='bbox 142 2488 274 2535; x_wconf 87' lang='lat' dir='ltr'>camporum</span> <span class='ocrx_word' id='word_1_231' title='bbox 285 2474 461 2534; x_wconf 84' lang='lat' dir='ltr'>praevenientern</span> <span class='ocrx_word' id='word_1_232' title='bbox 468 2472 567 2535; x_wconf 89' lang='lat' dir='ltr'>equitem</span> <span class='ocrx_word' id='word_1_233' title='bbox 578 2482 743 2534; x_wconf 84' lang='lat' dir='ltr'>assequeretur.</span> 
     </span>
     <span class='ocr_line' id='line_1_37' title="bbox 71 2536 742 2600; baseline 0.004 -15"><span class='ocrx_word' id='word_1_234' title='bbox 71 2536 136 2586; x_wconf 83' lang='lat' dir='ltr'>Exin</span> <span class='ocrx_word' id='word_1_235' title='bbox 150 2537 228 2586; x_wconf 77' lang='lat' dir='ltr'>Pactus</span> <span class='ocrx_word' id='word_1_236' title='bbox 236 2554 276 2600; x_wconf 90' lang='lat' dir='ltr'>per</span> <span class='ocrx_word' id='word_1_237' title='bbox 287 2536 453 2600; x_wconf 84' lang='lat' dir='ltr'>Cappadociam</span> <span class='ocrx_word' id='word_1_238' title='bbox 461 2538 594 2586; x_wconf 85' lang='lat' dir='ltr'>hibernavit.</span> <span class='ocrx_word' id='word_1_239' title='bbox 626 2538 742 2588; x_wconf 82' lang='lat' dir='ltr'>AtVolo·</span> 
     </span>
     <span class='ocr_line' id='line_1_38' title="bbox 70 2602 750 2664; baseline -0.001 -11"><span class='ocrx_word' id='word_1_240' title='bbox 70 2604 134 2664; x_wconf 78' lang='lat' dir='ltr'>geris</span> <span class='ocrx_word' id='word_1_241' title='bbox 144 2604 173 2650; x_wconf 84' lang='lat' dir='ltr'>sd</span> <span class='ocrx_word' id='word_1_242' title='bbox 186 2602 339 2652; x_wconf 85' lang='lat' dir='ltr'>Corbulonem</span> <span class='ocrx_word' id='word_1_243' title='bbox 350 2604 415 2652; x_wconf 84' lang='lat' dir='ltr'>missi</span> <span class='ocrx_word' id='word_1_244' title='bbox 425 2605 507 2662; x_wconf 73' lang='lat' dir='ltr'>nuntii,</span> <span class='ocrx_word' id='word_1_245' title='bbox 517 2604 647 2655; x_wconf 80' lang='lat' dir='ltr'>detraheret</span> <span class='ocrx_word' id='word_1_246' title='bbox 652 2606 750 2654; x_wconf 65' lang='lat' dir='ltr'>castatis</span> 
     </span>
    </p>
   </div>
   <div class='ocr_carea' id='block_1_5' title="bbox 61 2667 781 2742">
    <p class='ocr_par' dir='ltr' id='par_1_6' title="bbox 61 2667 781 2742">
     <span class='ocr_line' id='line_1_39' title="bbox 61 2667 781 2742; baseline 0.04 -30"><span class='ocrx_word' id='word_1_247' title='bbox 61 2675 127 2715; x_wconf 69' lang='lat' dir='ltr'>usos</span> <span class='ocrx_word' id='word_1_248' title='bbox 134 2667 282 2737; x_wconf 74' lang='lat' dir='ltr'>Euphraten,</span> <span class='ocrx_word' id='word_1_249' title='bbox 298 2687 450 2742; x_wconf 84' lang='lat' dir='ltr'>amnemque,</span> <span class='ocrx_word' id='word_1_250' title='bbox 467 2683 498 2725; x_wconf 87' lang='lat' dir='ltr'>ut</span> <span class='ocrx_word' id='word_1_251' title='bbox 507 2669 781 2741; x_wconf 51' lang='lat' dir='ltr'>obmurmurabat&amp;</span> 
     </span>
    </p>
   </div>
   <div class='ocr_carea' id='block_1_6' title="bbox 0 0 844 3188">
    <p class='ocr_par' dir='ltr' id='par_1_7' title="bbox 0 0 844 3188">
     <span class='ocr_line' id='line_1_40' title="bbox 0 0 844 3188; baseline 0 0"><span class='ocrx_word' id='word_1_252' title='bbox 0 0 844 3188; x_wconf 95' lang='lat' dir='ltr'> </span> 
     </span>
    </p>
   </div>
  </div>
 </body>
</html>
