1680 3188
185 120 217 162 68
267 109 698 161 ANNALIUMLn.x1V.cn›.7.
731 118 838 157 [παθη

188 245 253 292 aonia
268 245 416 290 eminentibus
426 243 477 288 lecti
489 244 614 304 parietibus,
630 260 655 290 ac
666 242 725 289 sorte
735 245 837 292 validiori

189 312 240 367 bus,
261 325 326 370 quam
345 318 370 354 ut
383 310 445 354 oneri
464 309 574 364 cederent,
595 317 701 371 protectae
719 318 787 356 sunt·
807 326 833 357 n·

190 375 308 422 dissolutio
318 389 403 436 navigii
422 374 561 434 sequebatur,
580 375 673 420 turbatis
691 376 802 430 omnibus,
824 398 840 414 *r

190 441 252 501 quod
270 439 399 502 plerique
393 439 466 500 ignari
486 439 554 484 etiam
573 439 675 486 conscios
693 439 833 516 impedieben

157 510 163 523 ⁸
190 501 274 552 Visum
286 506 366 551 dehinc
385 504 513 565 remigibus,
530 519 600 550 unum
619 505 642 550 in
658 505 718 550 latua
735 502 803 552 inclin
834 528 840 546 ;

189 577 257 631 atque
267 571 299 616 ita
309 585 389 616 navem
401 570 551 630 submergere
571 569 615 615 Sed
626 584 698 629 neque
708 570 762 631 ipsis
772 585 838 631 prom

190 643 228 682 tus
239 637 262 682 in
270 651 317 682 rem
328 635 422 680 subitam
433 648 562 688 consensus,
574 634 648 688 etalii,
657 642 736 681 contra
746 635 808 681 alten
824 657 840 676 o:

190 699 273 748 dedere
281 700 411 750 facultatem
428 699 520 744 lenioris
536 699 561 744 in
578 698 729 762 marojacttis.
762 698 795 745 V*
832 724 836 741 1

191 767 317 814 Acerronia
326 764 462 826 imprudens,
472 764 533 818 duan,
546 779 570 810 se
581 763 730 826 Agrippinam
741 779 798 820 erae,
813 781 829 812 u

191 846 236 893 que
247 831 401 876 subveniretur
412 828 476 874 matn'
491 829 604 889 principis,
622 829 727 882 clamitat,
742 830 816 876 contio
833 862 840 869 -

191 896 268 952 remis,
280 903 310 949 et,
321 909 373 954 quae
388 893 435 939 fors
445 893 561 946 obtulerat,
572 894 687 940 navalibus
697 893 748 940 telis
759 894 839 942 mnne·

189 967 236 1006 tur.
269 959 395 1021 Agrippina
410 959 488 1014 silens,
506 972 577 1018 eoque
593 959 667 1004 minua
678 960 761 1021 agnita,
780 974 836 1008 unu

191 1032 268 1071 tamen
278 1024 361 1072 vulnus
372 1024 465 1069 humero
476 1024 571 1084 excepit
603 1023 694 1078 Nando,
712 1023 792 1071 deinde
814 1048 819 1065 ·

188 1102 260 1136 'curru
275 1089 452 1142 lenunculorum,
464 1087 610 1134 Lucrinum
603 1103 628 1135 an
639 1089 712 1135 lacum
723 1096 796 1145 vecta,
815 1091 829 1119 ·'

191 1153 391 1202 loesuaeinsertur.

225 1217 270 1265 VI.
287 1216 337 1264 Illic
348 1225 459 1287 reputans,
476 1217 526 1263 ideo
547 1233 571 1264 se
581 1188 696 1265 fallacibus
706 1219 778 1266 literis
791 1219 839 1266 acci

192 1289 247 1338 tam,
266 1291 289 1331 et
307 1284 392 1330 honore
409 1283 522 1344 praecipuo
541 1283 653 1329 habitam:
672 1284 778 1344 quodque
798 1284 840 1330 lit

188 1350 280 1428 Juxta,
285 1363 331 1395 uon
353 1349 426 1393 ventis
445 1355 501 1400 acta,
524 1362 569 1392 non
586 1348 649 1394 oaxis
664 1348 763 1409 impulsa
780 1350 840 1396 navi

192 1411 283 1461 summai
302 1413 335 1459 aui
348 1420 419 1474 parte,
436 1413 506 1458 veluti
524 1419 629 1458 terrestre
636 1414 832 1461 machinamenta

193 1479 343 1534 concidisset3
359 1478 481 1523 observans
492 1478 558 1523 etiam
570 1478 702 1524 Acerroniae
713 1494 809 1536 necem3
827 1502 829 1519 :

191 1543 241 1589 mul
252 1558 317 1589 suum
328 1542 410 1588 vulnus
421 1543 560 1602 adspiciens3
576 1543 651 1589 solum
667 1544 797 1591 insidiarum
817 1559 840 1590 r-

189 1608 292 1654 medium
303 1623 358 1662 esse,
378 1609 397 1653 ai
413 1622 458 1653 non
468 1607 660 1670 intelligerentur,
677 1609 739 1656 miait
771 1632 775 1649 ι
785 1630 795 1636 ··

189 1674 329 1734 Agerinum,
348 1673 385 1734 qui
402 1673 513 1720 nuntiaret
523 1671 576 1727 filio,
592 1674 730 1735 benignitate
741 1673 816 1730 delini,
837 1697 840 1715 ;

190 1735 284 1784 fortuna
302 1739 356 1800 eJua,
383 1739 480 1784 evasisse
501 1753 593 1798 gravem
615 1752 704 1785 casum.
733 1754 804 1794 orare,

194 1803 296 1865 quamvis
314 1803 413 1864 periculo
430 1803 507 1848 matris
523 1803 650 1856 exterritus,
669 1804 756 1850 nitendi
828 1826 840 1845 ι,

191 1868 305 1915 differret.
324 1868 364 1914 sibi
376 1869 403 1913 ad
422 1882 522 1928 praeaens
540 1868 614 1928 quiete
632 1883 695 1928 opus.
726 1869 823 1929 Atque'
817 1884 835 1914 ι·

192 1934 267 1988 terim,
287 1934 406 1980 securitate
427 1930 535 1987 simulati,
553 1933 700 1980 medicamina
717 1934 814 1989 vulneri,
837 1966 840 1974 .

194 1997 296 2044 fomenta
314 1999 400 2058 corpori
419 1997 519 2044 adhibet:
540 2004 699 2044 testamentum
721 1999 833 2046 Acerro'

194 2065 282 2124 requiri,
293 2063 395 2123 bonaque
406 2063 518 2125 obsignari
526 2063 604 2125 jubet:
624 2063 648 2108 id
660 2070 747 2110 tanturn
758 2078 805 2110 non
822 2085 840 2104 r:

192 2128 365 2174 simulationem.

230 2190 286 2238 VII.
304 2192 337 2238 At
356 2191 443 2238 Neroni
461 2191 552 2239 nuntios
570 2192 649 2254 patrati
663 2191 769 2239 facinoris
792 2217 813 2235 ι.
837 2215 840 2233 ;

194 2258 269 2314 aienti,
282 2257 379 2312 affertur,
397 2258 494 2303 evasisse
505 2258 550 2303 ictu
563 2257 609 2303 levi
621 2257 725 2311 sauciam,
744 2258 807 2304 etha
836 2280 840 2299 2

187 2338 239 2369 nus
253 2322 313 2380 adito
324 2321 456 2376 discrimine,
475 2337 504 2367 ne
523 2328 600 2368 auctor
618 2322 762 2368 dubitaretur.
793 2321 840 2371 Tu

192 2402 277 2449 pavore
287 2387 403 2441 exanimis,
423 2394 453 2443 ct,
467 2387 515 2448 J'am
529 2388 622 2462 jamque
633 2386 716 2442 adfore,
732 2388 836 2434 obtentan

192 2452 299 2498 vindictae
309 2466 433 2526 properam,
448 2452 496 2497 aive
511 2452 601 2498 servitia
617 2459 720 2505 armarat,
738 2452 776 2498 vel
794 2455 825 2498 mi

182 2523 233 2560 rem
244 2518 386 2573 accenderet,
405 2517 454 2564 sive
468 2517 496 2564 ad
508 2524 610 2564 renatum
621 2524 645 2564 et
653 2516 762 2579 annulum
772 2532 802 2578 pe
821 2539 836 2555 =:

164 2577 243 2631 deret,
264 2581 416 2645 naufragium
438 2592 465 2632 et
478 2584 565 2632 vulnus
585 2591 610 2632 et
628 2581 762 2630 interlectos
779 2582 839 2626 arna

154 2640 313 2703 olyiciendo:
335 2652 402 2712 quod
424 2660 513 2704 contra
534 2651 667 2702 subudum
683 2645 744 2697 albi!
760 2645 834 2693 tim*
