1680 3188
55 106 156 152 ren.
194 107 389 158 urrunnun
400 70 671 159 nmxruc'nss.
695 113 725 157 ει

57 241 185 302 scripserat,
201 240 241 288 tuli
252 242 361 302 obsequio
372 247 434 288 ratus
445 256 585 304 regnumque
595 248 619 288 et
634 241 727 288 dornunr
757 269 759 274 ·

58 320 121 352 suam
132 306 214 367 procul
224 305 305 369 injurii
315 306 380 353 fore:
400 307 461 368 quud
472 314 551 354 contra
562 307 630 353 vertit
636 323 645 364 ς
662 305 735 359 adeo,
807 341 809 344 -

59 376 83 416 ut
93 386 193 433 regnum
204 386 246 432 per
256 373 406 426 centuriones,
418 373 498 418 domus
513 386 554 433 per
568 387 651 426 servos,
663 371 728 417 velut

59 443 128 497 capta,
140 441 291 483 vastarentur.
301 470 306 477 .
325 434 380 486 Jam
391 438 488 498 primum
501 452 558 482 uxor
569 438 623 498 ejus,
640 435 727 482 Boudi-

57 515 104 558 oea,
115 501 249 548 verberibus
261 499 347 557 affecta,
366 509 389 548 et
405 500 458 547 filiae
476 507 554 562 stupro
564 502 655 548 violatae
667 507 735 547 sunt=

59 563 172 627 Praecipui
184 567 268 626 quique
280 564 406 620 Icenorum,
419 568 482 627 quasi
494 575 597 612 cunctam
610 567 736 628 regionem-

59 632 145 677 muneri
158 631 307 692 accepissent,
316 633 382 678 avitis
392 633 457 677 bonis
468 639 588 684 exuuntur,
600 638 623 677 et
633 632 726 692 propin·

58 697 93 755 qui
105 696 169 757 regis
176 697 236 742 inter
248 697 357 758 mancipia
367 697 509 743 habebantur.
544 692 597 749 Qut
608 704 725 741 coutume-

58 758 93 814 lit.
114 769 139 807 et
155 769 218 806 metu
237 762 366 822 graviorum
379 762 480 824 (quando
491 762 515 807 in
525 761 622 807 sormam
633 761 726 821 prouin-

59 825 101 872 ciae
113 823 239 885 cesserant)
254 826 342 888 iapiunt
351 841 418 880 arma,
431 827 550 872 commotis
561 825 727 873 adrebellatio·

60 905 111 937 nem
133 889 319 945 Trinobantibus,
339 899 363 937 et
384 891 422 952 qui
445 892 488 945 alii,
512 892 612 937 nondum
635 890 727 937 servitio

59 954 133 1013 fracti,
152 970 267 1002 resumere
282 956 407 1003 libertatem
426 957 520 1003 occultis
538 956 738 1018 conjurationibus·

58 1021 208 1082 pepigerant;
226 1021 335 1068 acerrimo
353 1021 376 1067 in
396 1028 514 1067 veteranos
527 1022 591 1067 odio:
611 1020 692 1082 quippe
703 1021 735 1066 in»

60 1086 172 1132 coloniam
196 1083 378 1134 Camulodunum
398 1101 475 1132 recens
498 1086 594 1140 deducti,
616 1085 728 1146 pellebant

60 1150 170 1204 domibus,
190 1152 337 1198 exturbabant
348 1152 416 1212 agris,
437 1151 545 1212 captivos,
562 1166 639 1196 servos
651 1149 727 1210 appel·

59 1215 142 1262 lando:
163 1215 292 1263 foventibus
307 1216 462 1277 impotentiam
481 1223 638 1262 veteranorum
650 1214 727 1259 militi-

59 1282 108 1334 bus,
120 1281 267 1327 similitudine
278 1282 338 1336 uitae,
355 1288 378 1327 et
389 1295 428 1343 spe
441 1281 541 1342 ejusdem
552 1280 658 1326 licentiae.
689 1277 735 1325 Ad,

60 1346 116 1402 haec,
137 1346 248 1407 templum
269 1344 301 1391 D.
318 1345 413 1394 Claudio
432 1347 586 1398 constitutum,
606 1343 669 1405 quasi
686 1357 728 1389 arx

60 1418 155 1458 aeternae
173 1411 338 1466 dominationis,
354 1411 529 1473 adspiciebatur;
547 1410 671 1469 delectique
690 1423 737 1454 sa·-

60 1477 172 1529 cerdotes,
191 1476 265 1537 specie
280 1476 402 1538 religionis,
422 1491 501 1522 omnes
512 1475 613 1521 fortunas
624 1472 728 1519 eil'udde·

60 1541 121 1588 bant.
156 1539 208 1587 Nec
219 1541 313 1586 arduum
324 1540 446 1592 videbatur,
466 1540 597 1585 exscindere
608 1539 728 1594 coloniam,

61 1606 129 1653 nullis
141 1605 288 1651 munimentis
300 1613 397 1666 septam:
418 1605 478 1664 quod
489 1605 581 1650 ducibus
595 1603 676 1649 nostiis
687 1618 728 1664 pa·

60 1686 111 1717 rum
122 1671 240 1732 provisum
251 1676 305 1727 erat,
317 1671 371 1716 dum
383 1669 507 1717 umoenitati
518 1669 586 1731 prius,
598 1683 665 1729 quam
678 1668 728 1714 usui

45 1737 194 1783 consulitur.
734 1773 738 1783 .

93 1799 210 1848 xxxin
223 1799 287 1848 Inter
296 1815 355 1863 quae,
367 1799 429 1848 nunt
439 1801 512 1863 palam
524 1802 599 1859 causi,
611 1801 727 1863 delapsum

62 1863 216 1915 Onnuloduni
228 1867 371 1914 simulacrum
385 1866 499 1921 Victoriae,
519 1882 546 1914 ac
557 1875 616 1914 retro
632 1881 736 1912 conuer-⁸

61 1946 120 1986 sum,
132 1933 197 1993 quasi
209 1932 298 1979 cederet
308 1933 416 1979 hostibus.
449 1933 483 1979 Et
492 1932 583 1978 feminae
594 1933 617 1978 in
628 1931 728 1977 furorem

61 1998 165 2052 turbatae,
189 1997 267 2043 adesse
289 1997 389 2052 exitium,
413 1999 528 2044 canebant.
570 1996 729 2054 Externosque

60 2060 166 2108 fremitus
177 2061 201 2108 in
215 2059 276 2108 cmii
287 2078 364 2109 eorum
376 2063 480 2118 auditos;
498 2062 644 2108 consonuisse
655 2060 728 2106 ulula-

61 2126 122 2173 tibus
133 2128 254 2182 theatrum,
274 2127 390 2187 visamque
409 2129 505 2189 speciem
525 2127 548 2172 in
560 2127 663 2172 aestuario
679 2123 728 2171 Ta-

62 2205 133 2238 mesae
144 2192 259 2238 subversae
270 2192 381 2250 coloniae;
394 2194 443 2254 jam
455 2192 572 2239 Oceanum
584 2198 677 2236 cruento
688 2189 728 2235 ad·

62 2265 158 2317 spectu;
176 2257 285 2303 dilabente
300 2265 364 2311 aestu,
382 2259 530 2303 humanorum
549 2269 666 2317 corporum
678 2254 728 2301 eili-

61 2322 111 2382 gies
126 2321 223 2374 relictas,
243 2329 269 2367 ut
285 2321 389 2368 Britanni
406 2323 434 2368 ad
453 2337 522 2383 spem,
542 2323 574 2368 ita
588 2319 688 2366 veterani
699 2318 736 2365 ad.

62 2394 148 2432 metum
164 2387 286 2432 trahebant.
320 2387 372 2444 Sed,
391 2388 444 2450 quia
456 2387 538 2452 procul
552 2384 677 2434 Suetonius
689 2383 733 2430 nb·

53 2456 106 2498 etat,
115 2447 222 2507 petivere
233 2466 247 2497 a
259 2449 322 2501 Cato
333 2452 451 2516 Deciano,
456 2462 622 2523 procucatore,
628 2449 753 2505 anullinum.

41 2504 162 2579 Ill‘t'm‘l
170 2516 281 2577 ⁸¹¹²Pll¹¹⁸‚
303 2538 376 2585 quam
391 2527 520 2584 ducentos,
544 2513 780 2588 sine'pist'xssrun'mR

28 2576 110 2643 mm?
140 2583 164 2622 ‘³‘
188 2580 268 2631 inerat
290 2591 395 2645 modica
412 2597 529 2648 militurn
547 2605 650 2643 manns·
687 2577 798 2630 'RQ'

19 2630 101 2721 temph
111 2636 177 2697 freti,
198 2654 224 2695 et
234 2648 457 2729 impedientibus,
468 2669 524 2735 qui,
537 2661 646 2718 occxhte
656 2641 815 2706 xenehhcdm
