1680 3188
60 400 105 446 158
245 389 535 447 summm
604 396 718 443 unm.

56 525 156 574 victoriis
167 541 193 572 ec
203 526 290 591 legibus
299 527 376 582 fracte,
386 526 490 574 vinomm
501 524 619 573 dnldedine
629 526 717 575 taum

57 592 125 639 vicit:
144 592 235 653 ipseque
245 594 348 654 princeps
359 592 387 639 de
397 606 422 638 se
432 591 571 653 triumphum
580 591 665 640 anulis.

58 720 156 802 3'0'63
179 722 186 735 ‘
219 718 717 783 consulibusresllomnnmbsenteprincipe

76 783 83 798 “
157 786 164 799 ‘
218 789 325 847 permissa
337 786 415 842 Helio,
425 786 510 840 liberto
522 785 564 833 sub
575 786 718 849 prioreprld·

60 850 135 912 cipetu
151 851 258 896 scelerum
269 851 378 905 ministro,
389 864 449 898 nunc
462 865 490 896 eo
501 850 609 910 nequiori,
621 850 683 911 quod
692 849 719 897 sd

60 922 159 962 veterem
167 931 232 962 usum
240 916 310 978 major
320 915 437 962 accedebut
444 915 571 960 auctoritas.
603 914 719 977 Suettiu-

60 980 169 1025 nobilibus
179 980 304 1026 hominibus
318 980 378 1034 vitis,
391 978 496 1039 superbia,
509 978 609 1032 audacia,
620 976 720 1035 evadne,

61 1043 147 1090 saevitia
161 1043 278 1090 confestim
294 1058 415 1105 erumpere.
426 1041 523 1104 Injuriis,
539 1043 614 1096 minis,
628 1043 720 1098 exsr'liis,

61 1108 169 1154 mortibus
183 1108 288 1154 adversus
302 1122 369 1154 omne
382 1121 455 1169 genus
470 1106 586 1153 bominum
603 1106 720 1169 ipsumque

59 1172 195 1218 senatorium
207 1173 307 1218 ordinem
322 1179 442 1232 grassntm.
474 1168 592 1218 Facilltute
602 1172 720 1218 criminum

59 1236 136 1297 gliscit
142 1237 266 1292 temeritas3
283 1237 348 1296 idque
356 1237 464 1282 malorum
472 1248 585 1281 summum
594 1235 675 1283 civius
680 1248 719 1283 ex·

60 1307 130 1361 perta,
142 1307 174 1354 ut,
186 1316 237 1347 cum
248 1308 381 1361 praesentem
394 1300 516 1347 horruisset
529 1300 660 1364 principem,
671 1302 720 1349 abr·

62 1371 137 1411 entem
150 1364 289 1412 desideraret.

94 1425 147 1492 [Λῑ,
158 1430 238 1491 glorise
248 1444 331 1484 amens,
342 1430 384 1475 hoc
398 1444 467 1475 unum
478 1429 600 1490 sategebat,
610 1435 637 1475 ut
647 1429 720 1477 diver·

61 1494 199 1541 sissimorum
215 1501 347 1555 temporum,
364 1493 403 1538 sed
419 1494 443 1540 in
458 1494 517 1539 hunc
533 1506 617 1539 annum
632 1490 720 1543 conclis

61 1572 140 1606 omnes
151 1559 292 1621 Graecorum
309 1559 394 1621 palmes
413 1572 470 1604 unus
489 1558 606 1619 occiperet.
640 1556 720 1619 ltaqoe

61 1623 213 1686 persingulas
228 1624 299 1676 urbes,
314 1623 416 1669 ludorum
429 1618 489 1668 fami
504 1618 596 1676 nobiles,
610 1622 721 1684 promisso

62 1689 131 1744 crine,
148 1686 235 1734 resecti
250 1684 322 1741 barbi,
340 1687 380 1741 ire,
398 1700 484 1741 canere,
500 1686 611 1747 aurigare,
628 1696 720 1744 cernrs,

63 1752 183 1813 trcgoedias
205 1766 278 1813 egere,
300 1758 329 1805 et,
348 1766 389 1813 pro
408 1764 524 1797 scenarum
546 1751 639 1807 ratione,
661 1766 722 1801 nune

62 1814 142 1870 fruere,
160 1830 219 1861 nune
238 1816 352 1877 parturire,
370 1826 430 1861 nunc
449 1815 563 1870 excaeonri,
583 1816 652 1862 modo
669 1816 721 1863 rell-

60 1880 124 1940 gcri:
144 1880 166 1925 id
177 1886 262 1926 tentum
277 1894 356 1926 cavere
366 1894 395 1925 ne
404 1878 464 1925 ferro
476 1879 612 1926 violarentur
627 1881 723 1943 impero·

62 1945 127 1991 toriae
148 1959 233 1999 munus,
251 1945 313 2005 quasi
330 1945 402 1991 eureis
420 1945 562 2004 compedibus
580 1944 656 1991 minus
672 1960 722 1991 sor·

61 2008 190 2054 descerent:
210 2015 270 2056 totos
280 2023 334 2055 vero
343 2009 389 2055 dies
400 2009 422 2054 in
434 2009 482 2054 baec
492 2009 576 2055 ludicra
587 2010 618 2055 its
629 2009 725 2057 sollicite

63 2072 233 2133 impenderent
248 2074 330 2127 abesse,
346 2073 434 2126 taedere,
446 2073 517 2119 otiose
531 2082 638 2135 spectare,
651 2074 724 2122 disce·

65 2136 123 2190 dere,
135 2137 197 2183 nefas
208 2136 265 2184 foret
275 2135 343 2198 poeni
353 2138 493 2199 expiandum.

97 2199 145 2263 [Ob
159 2202 182 2248 id
196 2216 246 2249 reus
260 2201 418 2263 Vespasianus,
429 2203 539 2262 quodque,
550 2210 646 2250 canente
659 2205 723 2265 prin·

63 2266 118 2326 cipe,
134 2266 257 2313 discederet
272 2267 360 2328 saepius,
376 2275 414 2312 aut
428 2281 527 2327 praesens
541 2268 723 2324 obdormisceret,

61 2344 107 2376 non
119 2332 262 2378 contubernio
271 2338 364 2385 tantum,
373 2329 578 2393 sedpublicietinm
590 2332 724 2380 salutatione

61 2393 104 2440 suit
114 2397 243 2456 prohibitus.
266 2396 362 2457 Jamque
373 2404 473 2443 extrema
480 2401 589 2450 metuens,
598 2397 621 2442 in
632 2397 724 2445 devium

60 2460 724 2580 llllillstinitulitlulhdlliliid:lli

61 2588 90 2635 tis
108 2588 231 2651 fugatoque
246 2589 318 2639 Cestii
335 2591 396 2637 Galli
412 2591 519 2637 exercitui
536 2605 562 2636 su
606 2591 649 2637 tiss
665 2590 726 2638 ierre

58 2654 136 2717 jussus
152 2663 218 2703 esset.
249 2654 312 2702 nnrn
327 2670 380 2702 sane
395 2654 492 2701 fortunae
508 2662 562 2701 natu
609 2670 668 2717 qun,
685 2670 726 2719 per

61 2732 98 2765 res
110 2719 213 2767 adversus
224 2720 378 2781 Romanaeque
388 2721 509 2784 mejestatis
519 2720 619 2775 ludibria,
630 2721 726 2783 imperio

61 2782 166 2841 ultorem,
184 2786 355 2848 principemque,
370 2786 451 2847 priscae
468 2785 582 2847 dignitatis
599 2792 623 2831 et
641 2786 726 2833 severi·

65 2848 117 2895 latis
128 2849 246 2906 vindicem,
258 2851 388 2898 destinebat.
640 2864 645 2873 “
692 2858 695 2863 “

92 2910 204 2979 [Interim
217 2917 293 2978 Nero,
305 2916 451 2968 oraculonnn
461 2914 726 2973 sedissem&
