1680 3188
105 449 139 496 54
171 437 624 493 ANNALIUMLnxln.crr.41.
656 445 716 487 Μ.
726 452 774 491 stt.

107 568 197 639 legatus
215 591 242 622 ac
260 552 380 635 praesectus¹
398 574 433 620 usi
451 579 519 630 sunt3
542 573 657 634 tribusque
674 570 722 620 unb
738 574 776 621 die

108 640 204 688 ossteliis
221 639 364 701 expugnatis,
379 646 460 685 caetera
479 646 571 693 terrore,
591 646 615 684 et
633 637 677 685 alis
694 646 776 699 sponte

108 706 231 753 incolarum
249 705 273 750 in
284 703 418 750 deditionem
433 702 552 749 veniebant
559 719 567 759 ;
584 703 645 750 unde
655 709 705 749 orta
715 702 775 750 fidu·

110 771 145 818 cis
156 777 223 831 caput
233 770 315 830 gentis,
328 767 443 827 Artaxata,
455 767 607 829 aggrediendi.
636 766 687 814 Nec
699 775 776 814 tamen

110 836 213 897 proximo
235 834 314 879 itinere
334 832 410 879 ductae
432 833 539 894 legiones,
562 848 620 893 quae,
643 833 662 878 si
684 847 776 880 amnem

112 902 212 953 Araxen,
228 900 265 960 qui
285 899 367 944 moenis
386 898 455 949 alluit,
474 905 543 959 ponte
559 897 777 960 transgrederentur,

113 967 156 1014 sub
161 965 231 1011 ictum
238 964 360 1010 dabantur:
379 962 465 1025 procul,
472 971 496 1009 et
506 963 620 1010 latioribus
630 963 694 1010 vadis
703 970 777 1011 usne

114 1046 169 1077 sere.

148 1093 203 1140 XL.
224 1094 257 1140 At
264 1092 382 1149 Tiridates,
393 1093 478 1156 pudore
489 1100 512 1141 et
522 1102 591 1148 metu,
602 1109 640 1150 ne,
653 1094 671 1140 si
682 1109 779 1143 conces·

115 1161 180 1207 sisset
192 1159 307 1213 obsidioni,
325 1159 379 1204 nibil
396 1159 445 1219 opis
454 1159 478 1204 in
490 1160 538 1220 ipso
549 1159 676 1216 videretur3
694 1160 713 1206 si
724 1175 778 1222 pro·

115 1225 207 1279 biberet,
219 1223 330 1285 impeditis
341 1223 397 1270 locis
408 1239 477 1284 seque
488 1232 511 1270 et
521 1231 636 1284 equestres
647 1224 724 1285 copias
734 1224 779 1271 illi·

117 1296 197 1352 garet;
216 1289 292 1335 statuit
303 1296 417 1350 postremo
428 1289 546 1336 ostendere
557 1289 634 1343 aciem,
645 1295 669 1336 et
680 1289 733 1336 dato
744 1289 782 1336 die

116 1355 221 1417 proeiium
232 1354 337 1415 incipere,
351 1354 389 1400 vel
399 1354 541 1400 simulatione
550 1353 612 1414 dugae
622 1353 698 1400 locum
709 1352 782 1401 freudi

118 1435 203 1482 parare.
237 1417 311 1482 Igitur
328 1425 419 1481 repente
438 1433 520 1480 agmen
538 1417 667 1464 Romanum
683 1418 781 1467 eircum-

118 1484 198 1538 fundit,
218 1500 264 1530 non
282 1485 360 1545 ignaro
378 1484 435 1529 duce
451 1491 535 1538 nostro,
555 1484 655 1542 quiriae
665 1483 748 1544 puriter
758 1490 784 1530 et

119 1565 203 1612 pugnae
219 1555 374 1610 composuerat
389 1548 520 1595 exercitum.
552 1546 635 1594 Latere
645 1547 725 1594 dextro
736 1554 783 1596 ter·

118 1617 151 1661 tia
161 1614 228 1676 legio,
246 1614 335 1659 sinistro
346 1620 410 1658 sexta
419 1613 542 1667 incedebat,
556 1613 636 1659 mediis
646 1612 784 1661 decumsno·

121 1694 171 1726 rum
183 1677 287 1724 delectis:
306 1685 396 1738 recepta
406 1677 465 1723 inter
475 1677 565 1723 ordines
575 1678 742 1739 impedimenta,
761 1685 786 1725 et

122 1751 211 1804 tergum
223 1741 284 1787 mille
297 1742 383 1800 equites
398 1743 530 1788 tuebantur:
550 1743 630 1803 quibus
635 1745 741 1805 jusserat,
759 1750 786 1790 ut

121 1807 255 1853 instantibus
265 1807 391 1852 comminus
401 1808 536 1857 resisterent,
548 1807 639 1870 refugos
650 1824 696 1856 non
705 1823 786 1869 seque·

122 1879 206 1918 rentur.
239 1868 268 1916 In
287 1871 392 1916 cornibus
412 1872 486 1932 pedes,
509 1873 644 1933 sagittarius,
664 1881 688 1920 et
704 1880 789 1920 caetera

124 1951 203 1983 manus
220 1936 320 1996 equitum
339 1936 390 1989 ibat,
407 1936 550 1996 productiore
563 1952 673 1984 cornuum
688 1938 788 1990 sinistro,

124 2016 164 2062 per
175 2003 220 2046 ima
230 2000 327 2054 collium,
348 2008 379 2053 ut.
396 2001 415 2046 si
432 2002 503 2047 hostis
519 2001 654 2055 intravisset,
670 2002 746 2049 fronte
757 2002 789 2049 si·

125 2065 173 2111 mul
183 2072 206 2111 et
218 2066 268 2110 sinu
278 2065 425 2125 exciperetur.
457 2066 577 2112 Assultare
587 2081 616 2112 ex
627 2067 716 2114 diverso
726 2065 790 2114 Tiri·

126 2131 194 2184 dates,
213 2144 340 2189 nouusque
356 2131 482 2192 adjectum
499 2130 544 2184 teli,
562 2130 664 2177 sedtum
675 2133 791 2188 minitans,

125 2202 174 2241 tum
191 2195 264 2255 specie
281 2194 417 2255 trepidantis,
434 2197 452 2241 si
468 2196 543 2241 laxare
554 2195 644 2242 ordines
655 2204 678 2244 et
689 2197 792 2244 divmsos

125 2260 250 2306 consectari
272 2266 354 2319 posset
388 2258 434 2306 Ubi
459 2261 514 2307 nibil
536 2262 662 2309 temeritate
684 2262 791 2317 solutum,

126 2339 169 2370 nec
184 2325 279 2384 amplius
290 2339 356 2384 quam
373 2323 463 2371 decurio
479 2326 586 2386 equiturn,
603 2327 723 2374 audentius
737 2342 792 2388 pro·

125 2404 217 2452 gressus
233 2396 256 2435 et
273 2389 361 2450 sagittis
375 2389 485 2444 confixus,
502 2398 598 2436 caeteros
614 2392 642 2438 ed
660 2393 791 2453 obsequium

126 2454 229 2516 exemplo
250 2452 386 2511 firmaverat,
407 2455 537 2517 propinquis
554 2456 603 2517 jam
625 2457 723 2504 tenebris
741 2457 786 2503 abs

128 2520 202 2565 cessit.

160 2581 229 2630 XLI.
246 2582 279 2629 Et
291 2581 397 2638 Corbulo,
409 2590 482 2631 castra
492 2585 516 2630 in
527 2585 578 2631 loco
588 2592 693 2641 metatus,
710 2601 740 2632 an
751 2599 777 2633 es

120 2649 207 2710 peditis
223 2648 349 2711 legionibus
365 2657 432 2696 nocte
446 2650 556 2697 Artaxata
566 2659 680 2712 pergeret,
695 2650 772 2696 obsidii

114 2727 162 2771 que
174 2715 336 2772 circumdaret,
349 2715 456 2780 agitauit,
468 2715 614 2763 concessisse
620 2716 678 2760 'rbus
683 2712 768 2756 'Yir'ibs

19 2830 23 2840 Ι
102 2789 178 2826 ratus
216 2780 294 2838 Dein,
318 2792 451 2848 postquam
468 2782 635 2844 expinratores
653 2772 754 2848 attubbre

85 2841 219 2912 ffinquum
242 2851 312 2913 regis
331 2852 387 2908 iter,
407 2858 442 2907 et,
457 2848 535 2897 Medi
546 2860 583 2893 an
597 2842 759 2905 susscipere*

78 2915 223 2968 ¹⁰⁰⁶“flms
238 2916 328 2966 lucem
343 2919 496 2984 opperitura
517 2896 754 2975 praem'nmffl‘ff'

66 2971 141 3029 ²¹¹7&
153 2991 221 3037 ‘1¹1ae
235 2997 333 3036 muros
345 2986 458 3037 interim
471 2980 597 3033 munet,
614 2964 749 3030 ww
