1680 3188
144 316 147 321 ·
179 283 402 350 rhemnona,
413 279 505 345 vmn
528 296 588 348 cn.
598 302 636 346 12.
693 302 739 349 sir

73 428 141 479 litore
151 437 218 478 tenus
228 443 355 477 accrescere
365 434 404 475 aut
415 426 529 482 resorberi,
545 427 585 474 sed
594 427 688 475 influere
700 444 740 490 pe-

75 497 137 543 nitus
154 503 223 556 atque
238 495 328 548 ambire,
344 500 368 540 ct
381 493 445 555 jugis
461 493 528 539 etiam
544 499 611 554 atque
627 494 741 541 montibus

74 560 152 615 inseri,
162 560 225 606 velut
236 561 260 605 in
271 574 320 605 suo.
400 592 404 599 .

106 618 155 671 XI.
176 622 298 678 Caeterum,
309 622 449 669 Britanniam
461 622 499 682 qui
510 621 614 669 mortales
625 623 689 669 initio
700 638 739 670 co-

73 688 289 751 luerintindigenae
300 702 328 733 an
337 687 430 740 advecti,
442 695 467 732 ut
474 688 533 732 inter
540 687 650 741 barbams,
660 703 739 748 parum

73 760 223 817 compertum.
256 751 355 799 Habitus
368 765 486 812 corporum
501 752 571 807 varii;
588 759 655 811 atque
668 767 697 798 ex
712 768 741 798 eo

58 825 223 880 ¹=argunrentas
242 831 337 876 namque
348 815 421 861 rutilae
434 813 580 864 Caledoniam
595 817 740 863 habitantium

74 897 157 938 comae,
173 881 250 943 magni
266 889 334 935 artus,
351 880 509 927 Germanicam
526 880 635 942 originem
649 895 739 928 asseve-

74 955 134 993 rant.
170 947 269 993 Silurum
288 945 381 991 colorati
403 944 478 990 vultus
499 951 523 990 et
541 946 593 990 torti
611 945 742 1006 plerumque

74 1012 159 1068 crines,
170 1017 195 1057 et
204 1010 276 1072 posita
286 1016 365 1056 contra
375 1007 493 1069 Hispania,
508 1007 586 1056 Iberos
596 1017 684 1056 veteres
694 1018 740 1057 tra·

70 1076 162 1137 jecisse,
174 1090 256 1135 easque
265 1075 327 1120 sedes
336 1071 463 1134 occuprisse,
474 1071 541 1119 iidem
549 1073 639 1121 faciunt.
665 1073 739 1121 Prox-

74 1140 115 1186 imi
128 1140 201 1188 Gallis
216 1146 240 1185 et
254 1139 338 1185 similes
352 1145 418 1184 sunt:
440 1152 479 1184 seu
495 1136 588 1184 durante
602 1139 696 1200 originis
708 1139 740 1194 vi,

74 1219 122 1259 seu,
131 1204 311 1267 procurrentibus
321 1203 343 1248 in
355 1203 443 1248 diversa
454 1203 526 1259 terris,
537 1202 618 1263 positio
629 1204 680 1250 coeli
688 1219 739 1250 cor·

73 1269 167 1331 poribus
182 1269 281 1317 habiturn
301 1267 373 1313 dedit:
398 1268 422 1312 in
439 1267 567 1312 universum
586 1268 740 1314 tamen'aesti·

75 1335 155 1388 manti,
168 1333 248 1380 Gallos
256 1333 354 1379 vicinum
366 1332 438 1378 solum
450 1329 576 1393 occuprisse,
587 1332 690 1379 credibile
698 1340 739 1380 est.

76 1397 165 1445 Eorum
184 1412 247 1444 sacra
265 1397 422 1457 deprehendas,
446 1396 627 1458 superstitionum
648 1412 739 1458 persua·

75 1462 151 1508 sione:
171 1477 244 1508 sermo
255 1462 313 1507 haud
324 1461 420 1507 multum
431 1461 544 1516 diversum
562 1461 584 1506 in
595 1461 740 1522 deposcendis

75 1526 181 1589 periculis
192 1526 269 1573 eadem
280 1525 377 1580 audacia,
392 1533 422 1580 et,
434 1527 471 1572 uhi
482 1522 601 1582 advenire,
615 1527 638 1572 in
653 1526 739 1572 detrec·

69 1590 150 1638 tundis
161 1590 238 1637 eadem
248 1589 352 1636 formido.
383 1589 440 1636 Plus
449 1597 524 1636 tamen
535 1589 626 1636 ferociae
636 1589 741 1638 Britanni

74 1654 206 1718 praeserunt‚
226 1661 251 1700 ut
269 1668 325 1714 quos
341 1653 440 1699 nondum
459 1654 528 1714 longa
546 1669 590 1714 pax
606 1655 737 1703 emollierit:

71 1733 129 1766 ‘nam
149 1719 231 1766 Gallos
249 1733 338 1779 quoque
356 1717 379 1762 in
397 1718 462 1764 bellis
478 1716 580 1764 floruisse
597 1720 737 1781 accepimus:

75 1799 133 1832 mox
143 1783 301 1845 segnitia'cum
313 1783 360 1829 otio
368 1781 466 1836 intravit,
477 1781 559 1828 amissi
569 1783 652 1830 virtute
659 1785 742 1845 pariter

75 1865 102 1901 ac
118 1849 234 1905 libertate3
253 1848 314 1907 quod
330 1845 490 1892 Britannorum
505 1847 558 1893 olim
572 1848 638 1894 victis
651 1849 739 1897 evenitr

76 1914 155 1965 caeteri
165 1919 264 1966 manent,
276 1910 352 1972 quales
363 1911 424 1958 Galli
434 1910 532 1958 luerunt.

110 1974 219 2023 x11.·1n
233 1976 308 2039 pedite
318 1976 397 2024 robur:
416 1976 518 2036 quaedam
529 1978 630 2024 nationes
640 1985 663 2024 et
674 1993 741 2025 curru

75 2042 223 2106 proeliautur:
245 2034 360 2087 honestior
375 2041 465 2102 aurigam
484 2041 576 2088 clientes
591 2050 741 2105 propugnant.

76 2107 139 2154 Olim
152 2106 241 2168 regibus
251 2106 366 2168 parebant,
377 2121 437 2152 nunc
446 2120 486 2167 per
492 2107 602 2167 principes
608 2106 744 2154 factionibus

76 2179 101 2218 et
112 2171 192 2218 studiis
202 2171 333 2217 trahuntur:
354 2185 395 2216 nec
405 2170 465 2217 aliud
475 2170 581 2217 adversus
596 2171 742 2218 validissimas

76 2243 160 2298 gentes
170 2251 211 2297 pro
222 2235 286 2281 nobis
296 2235 379 2289 utilius,
387 2249 454 2294 quarn
465 2235 525 2294 quod
535 2235 686 2282 incommune
697 2252 743 2284 non

78 2300 207 2348 consulunt.
232 2299 308 2346 Rarus
319 2297 403 2346 duabus
414 2299 512 2344 tribusve
520 2300 645 2347 civitatibus
653 2301 681 2345 ad
689 2317 742 2362 pro·

76 2365 212 2427 pulsandum
223 2379 342 2411 commune
352 2364 474 2426 periculum
483 2369 619 2410 conventus:
639 2364 677 2418 ita,
689 2365 743 2410 dum

78 2429 163 2492 singuli
174 2436 283 2491 pugnant,
294 2429 394 2474 universi
404 2429 531 2475 vincuntur.
558 2427 649 2476 Coelum
660 2429 743 2475 crebris

77 2494 186 2540 imbribus
196 2507 223 2540 ac
233 2493 319 2540 nebulis
325 2492 426 2540 ioedum:
443 2493 549 2554 asperitas
556 2492 665 2554 frigorum
674 2495 744 2540 abest.

71 2557 182 2606 'Dierum
192 2559 264 2619 spatia
277 2558 423 2610 ultranostri,
435 2557 494 2604 orbis
510 2572 644 2611 mensuram,
660 2565 684 2604 et
698 2572 744 2604 nox

78 2622 139 2671 clara
150 2629 173 2668 et
183 2620 284 2669 extremis
294 2620 418 2670 Britanniae
428 2628 491 2685 parte
500 2622 581 2676 brevis,
594 2630 619 2668 ut
629 2620 697 2668 tinem
708 2630 744 2669 at·

78 2701 134 2748 que>
147 2686 235 2733 initium
259 2687 316 2733 lucis
340 2688 423 2749 exiguo
447 2687 575 2733 discrimine
598 2687 744 2735 internosces.

75 2750 149 2804 >Quod
160 2752 183 2797 si*
190 2752 260 2798 nubes
271 2754 317 2797 non
325 2751 431 2808 officiant,
442 2751 525 2813 adspici
536 2767 575 2814 per
586 2759 675 2798 noctem
685 2751 744 2799 Solis

73 2814 195 2876 fulgorem,
212 2831 255 2866 nec
266 2815 372 2869 occidere
382 2825 406 2868 et
416 2832 553 2882 exsurgere,
565 2816 720 2887 aedtraoixxe
725 2814 763 2856 d-

104 2892 158 2929 roa.
168 2895 201 2931 rr.
565 2896 583 2928 n
