1680 3188
106 383 158 431 m
228 378 280 429 Du
296 375 531 429 ousuomuus.
547 375 660 429 (isaac.

107 526 204 573 quorum
215 512 303 574 agitsre
312 525 359 557 non
370 509 472 568 destitit,
485 523 532 557 non
542 509 616 573 exigit
626 509 777 569 defensores,

107 592 160 625 cum
170 576 249 633 fatear,
265 576 368 639 quedam
386 542 522 636 etoque’ntie
535 589 624 635 eorum,
641 582 668 624 ut
678 576 779 625 nascenti

109 642 190 699 adhuc,
207 657 251 689 nec
261 593 317 689 :latis
328 640 418 695 adultae,
434 638 541 687 defuuse.
674 660 678 667 ¹

140 705 263 756 XXVI!
265 704 425 755 ‘Ceterum
407 721 433 760 ss,
445 705 530 752 omisso
540 705 628 767 optimo
638 705 678 753 iilo
689 713 715 754 ct
723 720 776 770 per·

109 772 235 821 foetiuimo
244 787 329 836 genere
343 770 486 832 eloquentie,
502 771 607 832 eigenda
617 770 647 818 sit
660 770 735 820 forms
744 773 779 820 ‹ii-

109 838 182 894 oeudi,
198 838 282 894 rosh'm,
300 836 412 893 Hercule,
424 833 454 884 C.
462 836 562 883 Grsochi
569 836 687 898 impetum,
698 844 739 886 sut
749 836 779 886 L.

110 901 188 953 cesai
206 903 365 958 mshfitstmn,
388 915 456 963 quam
475 901 616 949 calamistros
634 900 780 958 Maecenstis,

108 975 149 1016 sut
156 968 252 1015 tinnitus
263 968 392 1016 Gallionis:
405 967 462 1014 odeo
472 966 554 1013 meiius
564 974 606 1021 est,
617 973 731 1015 oratorem
741 968 780 1015 vel

108 1031 168 1081 hirti
178 1032 234 1096 togi
244 1033 343 1088 induere,
360 1047 429 1094 quam
438 1030 520 1079 facetis
531 1037 555 1078 et
564 1032 698 1079 meretriciis
708 1034 779 1080 vesti-

107 1098 152 1147 bus
169 1098 287 1160 insignire.
318 1097 403 1159 Neque
422 1097 482 1144 euim
502 1097 613 1144 oratorius
630 1098 681 1153 iste,
700 1097 779 1154 immo,

110 1115 231 1220 Hercule,g
236 1178 268 1211 ne
280 1164 351 1210 viriiis
368 1163 460 1225 quidem
474 1161 549 1210 cultus
563 1169 604 1219 est,
622 1177 667 1224 quo
678 1162 781 1225 plerique

108 1234 237 1290 temporum
248 1236 378 1276 nostrorum
389 1235 476 1276 setores
487 1229 519 1275 ite
530 1234 631 1282 utuntur,
648 1235 675 1274 ut
685 1226 779 1275 mavis

108 1295 230 1342 ιειιιοιιιιιι
240 1302 264 1341 et
274 1294 366 1341 levitate
377 1295 539 1343 sententiarum
550 1301 574 1340 et
583 1289 677 1341 licentii
684 1306 779 1369 compp-

109 1359 199 1407 sitiouis
213 1360 357 1408 histrionaies
370 1361 451 1408 modos
462 1360 601 1422 expriment:
622 1358 760 1435 quodque'
737 1371 780 1405 ιιι

108 1424 187 1471 auditu
194 1422 228 1473 sas
236 1440 287 1475 esse
294 1426 379 1482 debeat,
390 1427 461 1473 laudis
471 1433 495 1473 et
504 1425 585 1488 gloriae
595 1424 636 1471 et
613 1424 716 1500 rugesu'r
710 1422 780 1470 'loeo

109 1489 224 1554 pleriquej
226 1497 309 1547 sctsut,
318 1492 402 1538 canteri
410 1482 710 1552 sslmriquecommr'mtsrics
717 1502 781 1536 oses·

110 1553 182 1604 Unde
192 1557 264 1604 oritur
274 1557 313 1603 ills
326 1555 387 1603 foeda
396 1563 420 1603 ct
430 1563 572 1619 praepostera,
589 1555 630 1602 scd
642 1561 720 1601 tamen
730 1552 779 1601 irs·

110 1635 183 1683 quens
198 1622 331 1684 quibusdam
346 1622 485 1676 exclamatio,
501 1628 529 1668 ut
546 1627 647 1667 oratores
657 1620 732 1667 nostri
742 1626 779 1667 te·

109 1701 165 1733 nere
172 1687 253 1743 dicere,
261 1688 381 1735 histriones
389 1687 471 1733 diserte
479 1686 566 1741 saltare,
575 1687 687 1733 dicantur.
702 1684 778 1746 Equi·

109 1751 162 1797 dem
173 1767 220 1799 non
228 1753 366 1816 negaverim,
379 1750 484 1800 Cassium
497 1751 606 1798 Serenum
607 1765 692 1812 ,quem
702 1751 779 1799 solum

109 1815 175 1891 Aper
189 1824 267 1864 noster
281 1819 398 1865 nominare
414 1831 482 1864 ausus
496 1824 537 1872 est,
554 1831 573 1863 ιι
566 1816 619 1863 lus
627 1822 778 1879 comparetur

109 1881 149 1956 qui
156 1888 236 1942 postea
245 1881 345 1938 fuerunt,
353 1897 421 1944 posse
428 1888 539 1929 oratorem
549 1881 633 1937 vocari,
642 1895 779 1942 quemquam

107 1945 134 1991 in
152 1943 237 2007 magni
254 1953 318 2006 perte
334 1947 440 1993 librorum
460 1962 551 1993 suorum
570 1946 657 2008 plus'
635 1962 672 1993 ιιι
689 1947 779 2004 habeat,

109 2023 177 2071 quem
199 2011 323 2089 sanguinis.
356 2010 448 2058 Primus
470 2012 537 2065 enim,
562 2018 677 2058 contemto
699 2011 780 2058 ordine

110 2089 193 2129 rerum,
210 2072 294 2121 omissi
311 2074 422 2121 modestia
435 2089 462 2120 ac
476 2075 563 2150 pudore
578 2077 705 2131 uerborum,
722 2077 779 2138 ipsis

109 2139 185 2194 etism,
202 2140 285 2200 quibus
301 2140 379 2195 utitur,
395 2140 464 2186 ermis
475 2140 644 2202 incompositus,
663 2147 687 2187 et
703 2141 780 2187 studio

109 2203 206 2251 feriendi
212 2204 345 2266 pierumque
353 2205 458 2268 dejectus,
471 2219 516 2251 non
527 2213 620 2268 pugnat,
633 2205 673 2252 sed
684 2207 779 2252 rixatur.

111 2267 235 2324 Caeterum,
253 2278 279 2316 ut
289 2270 342 2326 dixi,
354 2271 498 2331 sequentibus
509 2281 657 2347 comparatus,
670 2278 694 2318 et
704 2271 780 2318 ιιιιιε·

109 2341 158 2382 tate
169 2335 301 2382 eruditionis
309 2342 334 2382 et
343 2335 419 2398 lepore
429 2334 567 2390 urbanitatis,
584 2337 712 2396 etipsarum
724 2335 779 2382 ιιιι-

109 2416 149 2447 ιιιιι
165 2402 251 2454 robore,
268 2400 364 2446 multum
378 2407 474 2447 caeteros
491 2405 596 2462 superat3
621 2415 719 2461 quorum
738 2415 779 2447 ne-

109 2466 194 2515 minem
210 2465 274 2529 Aper
290 2466 413 2521 nominare,
431 2473 455 2512 et
471 2466 573 2513 velutin
588 2465 659 2511 aciem
676 2465 780 2520 educere,

109 2532 224 2579 sustinuit.
258 2530 313 2593 Ego
335 2539 410 2578 eutem
432 2524 596 2593 exspectabam,
619 2536 652 2585 ut,
675 2530 781 2576 incusato

109 2596 193 2643 Asinio
205 2604 228 2643 et
237 2594 313 2646 Coelio
323 2604 347 2643 et
358 2594 438 2651 Calvo,
455 2596 515 2643 aliud
526 2596 590 2642 nobis
601 2609 684 2658 agmen
692 2594 779 2657 produ·

110 2668 178 2718 ceret,
190 2663 311 2724 pluresque
319 2662 357 2709 vel
364 2669 425 2710 certe
434 2662 529 2708 totidem
541 2661 675 2717 nominaret,
687 2674 718 2706 ex
728 2660 780 2722 qui·

107 2725 151 2773 bus
166 2728 234 2775 alium
252 2726 364 2784 Ciceroni,
381 2728 449 2775 alium
468 2725 561 2781 Caessri,
582 2725 678 2788 singulis
689 2726 781 2771 demum

96 2792 214 2868 singulos,
232 2810 408 2861 opponeremus.
439 2792 518 2849 Nune,
528 2789 664 2839 detrectasse
671 2804 778 2837 nomrnn·

88 2863 261 2927 manriques
271 2871 379 2914 oratores
386 2868 523 2915 contentus,
527 2855 793 2931 nerninemsequenixm

79 2921 190 2980 Mdsre
199 2948 280 2985 ausus
290 2941 339 2996 est,
359 2933 407 2984 nisi
417 2932 448 2981 in
456 2928 580 2996 pubiscum
595 2921 636 2971 et
632 2935 661 2967 ιιι
668 2928 814 2971 commum
