1680 3188
128 440 177 486 sao
232 443 455 507 ssoruconna
468 441 558 488 vrrs
581 440 691 489 caalt.

126 581 263 628 sparsosper
269 568 360 614 cmtella
367 568 449 613 milites
457 570 584 624 oonseotati,
593 569 729 632 expugnatis
736 582 793 631 pros·

127 628 195 683 aldiis,
211 632 281 691 ipsam
295 632 404 677 coloniam
415 628 527 685 invasere,
540 639 566 677 ut
576 633 651 680 mem
663 634 790 681 servimus:

127 702 170 741 neo
190 695 258 740 ullum
276 696 300 740 in
318 695 416 741 barbaris
432 696 526 742 saeritiae
540 711 614 758 genus
629 698 708 744 omisit
722 696 758 745 irs
770 703 794 745 st

126 759 228 806 victoria.
267 756 335 812 Quod
355 760 398 806 nisi
421 759 535 814 Paulinus,
558 761 649 822 cognito
671 761 793 823 pmrinsie

127 831 198 878 motu,
214 839 308 885 propere
324 825 470 880 subvenisset,
486 825 568 871 amissa
581 824 702 872 Britannia
717 825 790 873 soretr

128 903 194 949 quarn
210 889 275 935 unius
289 889 361 950 proelii
374 888 464 936 fortuna
475 890 546 936 veteri
555 890 671 950 patientiae
681 889 792 946 restituit}

128 952 255 1000 tenentibus
266 967 328 999 arma
338 953 454 1014 plerisque,
468 968 525 1014 quos
539 954 677 1001 conscientia
686 953 792 1002 desertio

129 1019 164 1064 nis
180 1024 203 1063 et
218 1018 308 1079 propius
322 1032 351 1064 ex
366 1018 441 1079 legato
454 1019 522 1064 timor
537 1019 642 1080 agitabat.
676 1017 725 1065 Hie
741 1033 791 1065 cunr

128 1084 235 1145 egregius
250 1090 338 1136 caetera,
357 1091 487 1144 arroganter
501 1083 525 1128 in
541 1083 634 1138 deditos,
650 1090 684 1139 et,
702 1090 729 1129 ut
745 1098 792 1129 sust

128 1162 217 1208 quoque
231 1148 318 1207 injuriae
332 1147 399 1201 ultor,
413 1148 489 1193 durius
503 1148 635 1202 consuleret,
650 1149 735 1195 missus
745 1146 789 1195 Pe·

128 1212 215 1259 tronius
225 1210 376 1272 Turpilianus,
387 1219 499 1272 tamquam
510 1212 654 1258 exorabiliort
671 1220 696 1259 et
706 1211 793 1259 deiittls

128 1275 226 1322 hostium
238 1291 317 1327 novus,
332 1291 403 1336 eoque
412 1277 551 1337 poenitentiae
564 1277 647 1331 mitior,
662 1276 792 1338 compositis

127 1341 243 1403 prioribus,
260 1341 315 1387 nihil
331 1340 389 1387 ultra
403 1355 477 1395 ausus,
492 1340 606 1388 Trebellio
619 1340 726 1389 Maximo
738 1355 790 1405 pro·

127 1406 224 1452 vinciam
241 1406 336 1452 tradidit.
367 1404 492 1452 Trebellius
507 1407 605 1467 aegrior,
621 1412 645 1453 et
659 1405 728 1453 nullis
742 1419 792 1453 oss·

128 1476 213 1516 trorum
227 1471 393 1532 experimentis,
408 1471 513 1517 comitate
526 1468 620 1532 quddam
634 1470 728 1517 curandi
738 1484 790 1532 pro·

128 1535 225 1580 vinciam
236 1536 315 1580 tenuit.
347 1533 454 1581 Didia-dre
464 1537 513 1598 jam
524 1536 608 1581 barbari
623 1550 713 1596 quoque
723 1535 790 1597 igno·

128 1612 197 1654 arere,
216 1599 276 1645 vitiis
295 1600 468 1646 blandientibus:
493 1608 516 1647 et
533 1600 674 1646 interventus
691 1600 791 1646 civilium

128 1677 240 1710 armorum
252 1664 346 1726 proebuit
352 1666 437 1727 justam
445 1665 548 1727 segnitie
555 1665 735 1711 exeusationem:
752 1662 792 1711 sat

127 1724 537 1784 disaordiialaboratum,cum'assuetus
543 1729 723 1790 expeditionibus
728 1728 792 1775 miles

127 1794 174 1839 otio
192 1793 313 1841 lasciviret.
344 1793 475 1848 Trebellius,
493 1791 549 1854 sagi
566 1808 592 1839 ac
610 1793 702 1839 latebris
721 1789 792 1839 vinti

127 1856 238 1904 exercitlls
249 1856 290 1913 iri,
305 1858 422 1904 indecorus
435 1865 501 1919 atque
515 1857 610 1911 humilis,
625 1856 727 1918 pretorio
737 1870 792 1903 mox

126 1920 230 1983 praefuit3
247 1937 273 1969 ao
283 1923 345 1969 velut
356 1924 421 1984 pacti,
436 1924 546 1969 exereitus
558 1922 680 1976 licentiam,
695 1922 743 1968 dux
755 1935 791 1968 sa-

125 1984 204 2032 lutem.
233 1985 293 2034 Haeo
304 1988 441 2034 seditiosius
452 1987 640 2048 sanguinestetit.
669 1985 722 2032 Neo
733 1984 791 2033 Ves.

126 2051 171 2096 tius
182 2049 289 2106 Bolanus,
303 2053 443 2098 manentibus
455 2053 526 2098 adhuc
540 2051 641 2097 civilibus
655 2049 727 2104 bellis,
741 2050 789 2111 agi·

127 2114 182 2160 tavit
191 2114 329 2161 Britanniam
337 2114 461 2177 disciplinis:
476 2117 552 2163 eadem
560 2116 790 2176 inertisergahostes,

127 2179 205 2224 similis
215 2179 336 2240 petulantia
348 2188 482 2227 castrorum:
501 2181 544 2226 nisi
555 2180 614 2240 quod
623 2180 733 2226 innocens
741 2178 790 2226 Bo·

125 2242 197 2297 lanus,
214 2251 236 2290 et
251 2245 317 2290 nullis
333 2245 419 2291 delictis
433 2246 525 2299 invisus,
542 2245 656 2293 caritatem
672 2248 790 2304 paraverat

125 2307 175 2353 loco
186 2309 330 2354 auctoritatis.

157 2371 242 2417 XVII.
261 2374 312 2425 Sed,
329 2373 364 2418 ubi
380 2389 431 2419 curn
444 2383 526 2419 caetero
538 2373 590 2419 orbe
601 2370 756 2433 Vespasianus
765 2378 789 2418 et

123 2434 263 2482 Britanniam
279 2439 423 2498 recuperavit,
438 2438 514 2500 magni
529 2437 607 2494 duces,
622 2437 710 2499 egregii
723 2451 788 2483 exer·

124 2501 189 2554 citus,
203 2501 290 2547 minuta
303 2502 399 2547 bostium
411 2517 467 2562 spes.
500 2501 533 2549 Et
544 2509 652 2548 terrorem
664 2502 740 2547 statim
751 2501 788 2547 in·

124 2565 176 2611 tulit
195 2563 289 2611 Petilius
312 2563 413 2620 Cerialis,
436 2565 571 2626 Brigantum
593 2567 715 2620 civitatem,
737 2579 788 2626 quaa

123 2630 305 2676 numerosissima
312 2631 433 2691 provinciae
442 2633 510 2676 totius
517 2630 649 2691 perhibetur,
658 2644 786 2691 aggressus.

123 2692 201 2741 Multa
211 2695 296 2756 proelia,
308 2703 331 2741 et
342 2694 459 2754 aliquando
471 2710 514 2741 non
526 2697 655 2751 incruenta3
669 2708 786 2755 magnam·

123 2772 167 2818 que
183 2758 318 2819 Brigantum
329 2765 420 2822 ,partein
438 2767 477 2806 aui
494 2758 588 2805 victorii
606 2758 729 2820 amplexus,
749 2764 787 2807 aut

120 2822 185 2869 bello.
218 2823 258 2878 Et,
275 2839 326 2870 oum
339 2822 433 2873 Cerialis
448 2824 535 2885 quidem
549 2823 639 2869 alterius
649 2821 786 2869 successoris

106 2899 187 2933 euram
202 2888 335 2954 firmamque
350 2891 470 2949 obruisset,
485 2889 593 2940 sustinuit
604 2902 694 2949 quosue
703 2885 788 2931 molem

41 2940 66 3014 fl
89 2946 177 3001 Julius
186 2954 329 3020 Frontinus,
343 2963 379 3012 vir
390 2976 504 3028 magnus,
519 2951 733 3023 suessonicus,
741 2948 801 2998 ffii·
