1680 3188
107 484 124 526 8
173 474 614 528 ANNALIUMLmX11.Cu.1r.
658 477 777 529 U.c.ms.

47 607 49 612 ’
107 607 237 673 Bosporum
253 610 372 657 invasurus
386 609 514 663 habebatur,
531 607 597 655 diffisi
613 607 710 670 propriis
720 606 776 654 viri·

107 677 151 723 bus
162 667 247 736 Aqriila
257 682 280 722 et
298 673 378 736 cotys,
395 675 447 736 quia
457 673 570 730 Zorsines,
588 673 716 720 Siracorum
727 687 776 729 rex,

108 741 199 788 hostilia
206 747 348 794 resumserat,
357 747 462 786 externas
472 745 496 786 at
502 739 544 801 ipsi
550 739 635 801 gratias
643 735 776 799 quaesivere,

108 806 185 853 missis
205 805 287 868 legatis
306 806 334 852 ad
351 805 472 860 Eunonen,
495 805 534 864 qui
552 803 694 851 Adorsorum
713 804 778 865 genti

108 871 257 934 praecellebat.
290 870 341 918 Nec
352 870 395 916 fuit
410 870 434 916 in
448 869 517 916 arduo
533 871 635 924 societas,
651 869 777 930 potentiam

108 935 238 983 Romanam
250 937 357 983 adversare
367 935 472 985 rebellem
484 934 634 982 Mithridaten
642 934 777 981 ostentanti·

108 1002 157 1048 bus.
192 999 266 1064 Igitur
281 998 394 1063 pepigdre,
411 1000 551 1060 equestribus
559 999 648 1061 praeliis
664 999 777 1046 Eunones

110 1074 221 1124 certaret;
240 1066 325 1113 obsidia
333 1065 420 1112 usblum
431 1064 531 1112 Romani
541 1072 691 1126 capesserent.

142 1120 215 1178 XVI.
231 1129 294 1177 Tum
312 1131 439 1192 composito
456 1129 548 1191 agmine
566 1130 690 1186 incedunt;
713 1130 778 1193 quus

110 1195 209 1242 frontem
216 1202 240 1242 et
247 1202 312 1257 terga
323 1195 413 1250 Adorei,
425 1195 499 1241 media
507 1195 611 1241 cohortes
618 1201 642 1241 et
650 1193 778 1256 Bosporani

110 1261 247 1315 tutabantur,
259 1261 343 1308 nostris
353 1261 376 1306 in
387 1261 463 1308 armis.
497 1252 536 1306 sic
546 1260 625 1321 pulsus
633 1260 711 1315 bostis,
720 1274 778 1306 ven-

76 1332 79 1336 ’
110 1335 205 1386 tumque
217 1326 309 1381 Sozam,
321 1325 426 1387 oppIdum
437 1323 582 1379 Dandaricae,
593 1325 653 1385 qnod
664 1324 778 1371 desertum

111 1406 125 1440 a
141 1390 281 1444 Mithridate,
299 1392 327 1438 ob
338 1391 396 1437 ambi
415 1405 456 1438 uos
468 1390 608 1453 popularium
619 1390 706 1437 animos
717 1390 777 1437 obti-

111 1456 167 1510 neri,
187 1456 265 1503 relicto
284 1455 314 1501 ibi
328 1407 438 1517 praesiIio,
454 1457 536 1503 visum.
568 1455 633 1502 Exin
646 1456 670 1501 in
689 1455 781 1502 Siracos

111 1528 217 1584 pergunt,
228 1527 252 1568 et
262 1521 398 1583 transgressi
406 1535 495 1568 amnem
508 1520 616 1575 Pandam,
628 1520 779 1567 circumveni-

112 1593 154 1634 unt
167 1587 243 1633 urbem
256 1585 344 1647 Uspen,
356 1585 439 1633 editam
449 1586 507 1640 loco,
520 1593 543 1632 et
553 1586 665 1632 snoenibns
676 1600 702 1631 ac
713 1583 781 1632 fossis

112 1651 237 1708 munitam
255 1651 298 1697 nisi
309 1651 370 1712 quod
381 1651 472 1706 moenia,
489 1665 535 1696 non
550 1665 612 1706 saxo,
628 1651 669 1698 sed
683 1651 781 1698 cratibus

113 1724 137 1763 et
151 1717 263 1770 vimentis,
281 1731 307 1762 ac
318 1714 392 1763 medii
402 1716 478 1770 humo,
495 1716 614 1762 adversum
630 1715 781 1777 irrumpentes

113 1781 212 1828 invalida
218 1787 295 1827 erant:
316 1781 447 1842 eductaeque
454 1781 521 1828 altius
529 1789 608 1837 turres,
618 1779 703 1828 facibus
714 1788 782 1841 atque

113 1847 184 1894 hastis
195 1844 313 1892 turbabitnt
323 1847 441 1894 obsessos:
461 1861 494 1900 ac,
511 1847 535 1893 ni
545 1847 649 1908 proelium
661 1859 709 1892 nox
720 1845 791 1892 dire-s

114 1912 199 1965 misset,
216 1919 291 1972 coepta
306 1918 437 1974 patrataque
453 1913 591 1975 expugnatio
602 1912 707 1958 eumdem
722 1911 783 1959 intra

115 1975 175 2022 diem
186 1975 253 2022 foret.

146 2038 233 2086 XVII.
256 2039 353 2088 Postero
374 2039 456 2089 misere
477 2042 572 2104 legatos,
594 2041 684 2090 veniam
706 2040 782 2087 liberis

115 2106 245 2167 corporibus
257 2113 361 2153 orantes:
374 2107 466 2154 servitii
477 2107 554 2155 decem
565 2105 781 2169 milliaofferebant:

115 2172 177 2230 quod
187 2171 313 2232 adspernati
324 2178 377 2218 sunt
387 2173 492 2227 victores,
506 2174 558 2233 quia
574 2171 684 2219 trucidare
694 2171 784 2218 deditos

116 2250 210 2291 aarum,
225 2243 311 2283 tantam
321 2237 489 2285 multitudinem
500 2234 603 2286 custodid
613 2237 705 2299 cingere
714 2236 783 2284 ardu-

117 2315 170 2347 um:
190 2301 241 2347 belli
253 2303 328 2364 potius
334 2303 387 2364 jure
397 2303 517 2350 caderent:
537 2303 658 2362 datumque
666 2301 785 2356 militibus,

115 2367 153 2426 qui
166 2367 231 2413 scalis
242 2374 366 2435 eyaserant,
379 2368 468 2430 signum
481 2369 557 2415 caedis.
580 2367 678 2415 Excidio
690 2364 783 2430 Uspen·

116 2432 174 2477 sium
186 2442 260 2479 metus
274 2433 363 2479 caeteris
378 2433 483 2495 injectus,
498 2433 555 2480 nihii
571 2439 645 2479 tutum
656 2432 717 2488 ratis,
730 2446 783 2478 eum

115 2511 184 2552 arms,
201 2498 348 2552 munimenta,
365 2497 464 2560 impediti
475 2498 513 2545 vel
526 2498 651 2545 eminentes
665 2498 716 2552 locl,
734 2510 784 2542 am-

116 2576 202 2623 nesque
212 2570 236 2609 et
247 2564 312 2610 urbes
319 2564 387 2626 juxta
399 2569 604 2626 perrumperentur.
637 2561 712 2624 Igitur
726 2560 784 2607 Zor-

116 2628 184 2682 sines,
197 2628 234 2674 diu
246 2629 365 2690 pensitato,
377 2627 547 2676 Mithridatisne
555 2629 621 2675 rebus
628 2626 743 2680 extremis,
755 2641 785 2672 an

104 2693 186 2748 pstrr'o
192 2707 267 2754 regno
275 2693 420 2753 consuleret3
436 2701 557 2758 postquam
567 2691 784 2756 praesaluitgentilis

96 2753 190 2825 vthtss
204 2758 267 2808 datis
274 2760 401 2819 obsidibus,
415 2761 477 2825 apud
488 2761 593 2825 effigiem
600 2757 795 2816 Qaesaissprocu-

80 2812 141 2869 hm,
154 2823 249 2881 mgni
257 2825 343 2887 grona
354 2829 482 2878 exercitiis
490 2825 610 2880 murus
616 2821 818 2886 almitiem&

66 2875 123 2921 ‘²¹⁰²
133 2889 160 2956 εἴ,
171 2886 306 2949 victorem,
324 2896 400 2945 tridui
411 2898 505 2947 itinere
511 2895 620 2944 abluisse
627 2892 657 2936 ab
665 2878 827 2946 assrne'ltffilx

20 3022 28 3039 Ι
48 2943 178 2997 ”mlit-
221 2955 275 3006 Sed
295 2960 325 3011 in
337 2979 465 3030 regressu
483 2964 570 3030 dispar
583 2957 690 3007 fortuna
697 2947 765 3004 isius
782 2950 830 2998 ‘iffi
