1680 3188
104 142 168 193 aa.
204 136 397 189 ANNAL1UM
408 125 651 191 nexuucrar‘o.
686 147 732 193 sss

96 273 151 319 riter
162 271 263 333 requirit,
271 277 421 318 accusatorem
432 270 529 327 concivit
540 269 633 319 Fabium
643 272 730 321 Roma·

89 352 130 391 rm,
138 351 169 383 ex
180 336 267 383 intimis
278 334 364 382 Lucani
375 335 460 381 amicis.
492 335 570 383 Mixta
577 337 636 384 inter
646 347 731 400 patrem

85 401 185 463 tiumque
201 400 362 462 conjurationis
378 399 469 446 scienda
482 398 581 462 fingitur,
598 403 732 450 assimulatis

80 463 159 513 ¹atscsni
178 465 266 522 literis3
284 479 339 524 quas
356 464 466 525 inspectas
481 462 545 510 Nero
562 465 615 512 ferri
634 468 662 513 ed
679 483 731 515 eum

74 530 142 591 iussit,
164 530 245 590 opibus
263 529 311 589 ejus
329 528 423 574 inhians.
455 527 488 573 At
510 527 589 585 Mella,
611 546 661 591 quae
683 539 731 578 turn

70 594 223 655 promtissima
233 592 311 638 mortis
321 592 364 646 via,
382 591 478 637 exsolvit
488 607 572 648 venas;
590 595 676 656 scriptis
691 611 731 642 co-

70 656 157 711 dicillis,
169 657 251 717 quibua
260 655 367 718 grandem
375 655 491 715 pecuniam
502 657 525 700 in
536 655 681 717 Tigellinum,
690 675 732 721 ge·

71 734 196 782 uerumque
212 722 267 783 ejus,
287 717 445 767 Cossutianum
463 717 602 779 Capitonem,
619 725 731 784 erogabat,

69 800 115 846 quo
126 793 210 832 caetera
224 790 347 830 manerent
379 783 475 828 Additur
488 783 601 838 codicillis,
617 792 731 847 tamquam

69 850 98 897 de
108 849 229 910 iniquitate
239 848 301 893 exitii
312 862 412 908 querens,
423 847 591 907 inscripsisse:
610 852 731 910 sequidem

70 913 130 960 mori
145 913 214 959 nullis
229 913 328 974 supplicii
344 911 433 966 causis;
450 909 542 957 Rullum
560 919 634 959 autem
647 913 733 979 Crispi.

70 992 126 1024 num
135 985 159 1024 et
168 976 275 1023 Anicium
285 974 395 1024 Cerialem
402 972 448 1020 vini
457 973 508 1028 tmi,
517 974 615 1024 infensos
622 980 714 1043 principi
722 998 730 1029 a

70 1057 124 1102 quas
135 1042 260 1103 composita
267 1040 425 1094 credebantnr3
442 1039 469 1084 de
481 1037 592 1100 Crispino,
603 1043 654 1102 qula
662 1044 731 1092 inter-

70 1105 145 1153 l'ectus
156 1115 212 1159 erat,
224 1106 251 1152 de
261 1103 354 1156 Ceriale,
366 1112 391 1149 ut
398 1101 572 1150 interficeretur:
592 1110 731 1166 nequeenim

71 1171 146 1218 multo
160 1177 213 1232 post
223 1171 268 1216 vim
280 1168 320 1214 sibi
331 1168 413 1223 attulit,
429 1168 515 1212 minore
524 1183 591 1227 quam
602 1173 678 1216 caeteri
688 1174 731 1218 nri·

72 1234 192 1288 sentione,
205 1234 257 1293 quia
266 1232 374 1295 proditam
387 1229 415 1279 C.
423 1229 508 1279 Caesari
519 1234 693 1296 conjruationem
704 1238 732 1285 ab

72 1314 100 1346 eo
111 1299 268 1345 meminerant.

105 1361 206 1409 XVIII
222 1361 261 1408 De
279 1359 421 1410 CPetronio
438 1378 508 1424 pauca
530 1379 596 1426 supra
613 1366 731 1427 repetenda

73 1434 135 1475 sunt.
168 1426 230 1473 Nam
242 1426 273 1477 illi
284 1427 331 1472 dies
341 1441 380 1487 per
388 1441 499 1482 somnum,
510 1443 556 1474 nox
567 1429 645 1476 officiis
656 1440 679 1477 et
690 1432 729 1478 ob-

71 1492 215 1539 lectamentIs
232 1491 285 1537 vitae
303 1491 475 1552 transigebatur:
495 1500 562 1552 utque
582 1493 637 1540 alios
654 1495 731 1542 indus·

72 1556 123 1612 tris,
139 1557 172 1603 its
181 1557 241 1602 hunc
250 1555 342 1618 ignaua
355 1554 475 1601 adsumam
486 1557 618 1618 protulerat:
639 1559 732 1608 habeba·

72 1629 155 1681 turque
165 1635 211 1667 non
222 1635 295 1682 ganeo
303 1627 327 1667 et
336 1617 474 1682 profligator,
485 1628 510 1665 ut
520 1620 618 1681 plerique
629 1638 669 1668 sua
676 1625 732 1671 hau·
779 1623 782 1629 '

72 1685 187 1740 mentium,
205 1685 245 1731 sed
260 1685 347 1731 erudito
360 1683 422 1730 luxu.
455 1683 491 1730 Ac
502 1685 561 1731 dicta
573 1685 675 1747 factaque
686 1690 734 1751 ejus

73 1757 160 1811 quanto
177 1749 283 1796 solutiora
292 1757 315 1796 et
325 1749 443 1810 quamdam
454 1749 488 1794 sui
499 1749 658 1810 negligentiam
674 1769 732 1814 prae·

73 1813 179 1870 fmenbe,
190 1821 253 1860 tanto
263 1814 356 1875 gratius,
368 1813 391 1858 ia
403 1813 497 1874 speciem
510 1814 662 1874 simplicitatis,
673 1818 732 1864 acci·

74 1879 199 1940 piebsntur.
231 1877 357 1924 Proconsul
368 1883 443 1923 amen
452 1876 572 1937 Bithyniae,
584 1887 607 1925 et
613 1894 667 1926 mox
677 1896 732 1928 con·

74 1942 118 1997 sul,
129 1943 245 2004 vigentem
259 1957 284 1988 se
300 1957 326 1989 ac
342 1956 418 2003 parem
435 1942 533 2003 negotiis
549 1944 663 1990 ostendit:
682 1946 734 1992 dein

74 2007 194 2055 revolutus
214 2006 321 2062 adsitis,
340 2006 505 2052 sea'vitiorum
527 2006 657 2062 imitatione,
675 2009 734 2056 inter

74 2085 161 2134 paucos
174 2069 315 2117 familiarium
329 2069 417 2116 Neroni
432 2076 543 2117 assumtus
558 2077 598 2123 est,
616 2071 735 2132 elegendae

73 2134 172 2192 arbiter3
190 2135 243 2182 dum
250 2135 304 2182 nihil
312 2149 425 2183 amoenum
434 2141 457 2180 et
467 2133 534 2180 molle
542 2133 654 2182 affluentia
664 2143 734 2198 putet,

74 2200 120 2247 nisi
131 2199 192 2260 quod
207 2200 227 2248 ei
244 2199 364 2247 Petronius
380 2198 559 2261 approbavisset:
578 2199 637 2244 unde
652 2200 736 2248 invida

74 2262 192 2327 Tigelliui,
200 2265 262 2325 quasi
273 2265 379 2312 adversm
390 2262 504 2317 aemulnm,
519 2269 543 2309 et
553 2261 647 2310 scientid
656 2265 735 2327 volup·

75 2335 149 2377 tetum
167 2329 285 2390 potiorem.
317 2327 382 2390 Ergo
402 2327 554 2374 crudelitatem
573 2328 684 2390 principia,
698 2330 735 2376 cui

75 2401 167 2441 ceute
173 2393 274 2440 libidines
281 2393 394 2446 sedebant,
403 2391 539 2454 aggreditur,
550 2392 668 2438 amicitiam
680 2392 734 2440 scs·

75 2458 126 2506 vitri
138 2456 246 2505 Petronio
260 2458 379 2519 objectans,
390 2464 495 2518 corrupto
506 2456 533 2502 ad
547 2455 650 2502 indicium
662 2472 736 2513 servo,

77 2519 366 2602 ademtdquendesensione,
383 2529 406 2568 et
420 2521 503 2584 majore
523 2528 586 2582 parte
603 2519 694 2570 familiae
712 2522 736 2569 ln

66 2592 278 2762 γοᾶιὲψῆήε
298 2651 344 2702 illis
363 2650 442 2703 diebus
463 2647 616 2717 Casperium
633 2651 735 2716 &ruera

546 2733 565 2768 o

260 2800 275 2827 Ι
