1680 3188
82 123 187 167 ωδε.
217 119 414 172 ANNALIUM
424 121 557 172 Lis-XIV.
570 120 678 174 Car-45.
727 127 758 173 87

83 252 253 312 tiis-consulto,
264 256 325 315 quod
336 254 469 317 supplicium
480 255 522 302 toti
533 254 626 303 familiae
636 255 757 302 minitaba-

83 327 129 366 tur.
162 318 296 374 Decernite,
314 321 413 376 hercule,
434 321 599 383 impunitatem.
632 321 673 375 At.
688 335 756 382 quem
809 362 811 371 Α

84 385 186 447 dignitas
208 400 250 432 sua
269 385 380 440 defendet,
399 401 452 433 cum
470 385 605 448 praefecturs
623 385 693 434 Urbis
708 401 756 433 non

151 450 215 497 erit?
232 466 300 512 quem
320 465 426 498 numerus
445 466 560 498 servorum
579 452 684 507 tuebitur,
701 466 755 498 cum

106 515 214 562 edaniurn
228 516 357 562 Secundum
373 517 530 578 quadringenti
542 532 588 563 nou
598 515 758 579 protexerint?

85 581 122 627 cui
132 579 221 628 familia
232 596 299 643 opem
309 580 373 636 seret,
384 597 436 643 quae
447 597 476 628 ne
487 582 511 627 in
522 588 585 627 metu
597 583 686 642 quidem
695 583 755 644 peri·

86 646 137 692 cula
149 654 229 692 nostra
240 646 341 693 avertit?
358 647 403 701 An,
413 655 438 694 ut
448 647 538 707 quidam
549 646 637 708 lingere
647 662 694 693 non
705 662 758 694 eru·

86 712 191 766 bescunt,
211 712 303 774 injurias
315 727 366 759 suas
378 713 439 759 ultus
450 720 485 758 est
495 711 644 758 interfector?
660 713 713 773 quia
729 711 758 758 de

82 774 183 838 paterni
193 775 292 838 pecunid
309 784 455 840 transegerat,
473 785 513 824 aut
523 778 609 824 avitum
620 776 758 840 mancipium

87 841 266 888 detrahebatur?
287 841 465 890 Pronuntiemus
483 843 550 899 ultro,
571 843 688 890 dominum
705 843 760 905 jure

87 921 174 952 casum
185 907 265 955 videri.

74 1003 77 1007 -
120 969 220 1018 XLIV.
230 971 322 1020 “Libet
332 980 466 1036 argumenta
476 973 608 1035 conquirere
616 973 639 1020 in
650 988 687 1032 eo,
699 971 760 1035 quod

89 1037 263 1099 sapientioribus
280 1038 424 1087 deliberatum
441 1039 493 1086 est?
511 1039 556 1086 Sed
567 1047 597 1094 et,
609 1040 628 1086 si
639 1053 699 1084 nunc
709 1038 758 1102 pri·

89 1117 152 1148 mum
165 1103 310 1150 statuendum
318 1105 450 1151 haberemus
457 1121 465 1162 3
483 1105 608 1159 creditisne,
621 1118 712 1151 serrum
723 1104 759 1149 iu-

89 1167 214 1215 terficiendi
226 1169 312 1215 domini
322 1170 422 1216 animum
433 1171 548 1226 sumsisse,
563 1177 588 1214 ut
599 1183 646 1215 non
657 1169 759 1235 voxmi·

89 1247 136 1279 nax
147 1233 280 1281 excideret?
297 1235 353 1281 nihil
363 1250 404 1297 per
415 1235 563 1282 temeritatem
572 1230 759 1296 proloqueretur?

90 1298 152 1346 Sene
163 1299 283 1345 consilium
295 1300 399 1355 occuluit,
419 1301 489 1346 telum
506 1301 565 1346 inter
583 1299 676 1362 ignaros
693 1312 760 1359 para·

91 1364 140 1411 vit:
160 1380 216 1410 num
228 1365 334 1411 excubias
345 1366 456 1428 transiret,
474 1365 570 1412 cubiculi
580 1363 641 1411 fores
657 1361 760 1410 reclude·

91 1436 134 1486 ret,
152 1430 232 1475 lumen
252 1429 354 1488 inferret,
372 1431 456 1476 caedem
475 1436 582 1492 patraret,
601 1429 705 1475 omnibus
715 1443 757 1474 ne·

91 1493 163 1540 sciis?
186 1494 265 1541 Multa
280 1495 371 1542 sceleris
384 1495 467 1541 indicia
476 1494 625 1556 praeveniunt.
659 1493 724 1540 Servi
741 1492 761 1539 si

90 1559 195 1620 prodant,
218 1575 338 1620 possumus
356 1558 439 1620 singuli
456 1559 516 1605 inter
533 1559 615 1621 plures,
635 1559 678 1604 tuti
700 1560 761 1604 inter

90 1625 178 1678 auxios,
190 1631 313 1686 postremo,
326 1625 345 1669 si
359 1624 498 1685 pereundum
513 1623 548 1679 sit,
568 1639 613 1670 non
625 1622 690 1669 inulti
701 1623 762 1670 inter

90 1695 202 1736 nocentes
218 1704 295 1750 agere.
329 1689 440 1750 Suspecta
455 1689 576 1752 majoribus
595 1689 678 1735 nostris
697 1685 762 1734 suere

89 1754 184 1817 ingenia
195 1769 319 1809 servorum,
331 1755 398 1802 etiam
415 1769 467 1800 curn
484 1754 508 1799 in
526 1755 587 1816 agris
602 1761 642 1800 sut
657 1753 762 1800 domibus

89 1819 169 1866 iisdem
182 1830 335 1874 nascerentur,
352 1820 513 1880 caritatemque
530 1820 673 1866 dominorum
684 1817 761 1866 statim

90 1886 226 1946 acciperent.
260 1884 384 1946 Postquam
395 1901 451 1932 vero
467 1885 570 1932 nationes
585 1885 608 1930 in
618 1883 709 1931 familiis
720 1884 761 1933 ba·

90 1950 179 2007 bemm,
192 1951 272 2011 quibus
283 1951 365 1998 diversi
377 1951 439 2005 ritus,
457 1957 552 1996 externa
564 1963 633 2004 sacra,
650 1956 689 1995 aut
700 1948 763 1994 nulla

91 2023 150 2068 sunt
163 2015 284 2062 colluviem
295 2017 362 2062 istam
374 2031 420 2062 non
432 2015 475 2062 nisi
486 2021 548 2061 metu
560 2013 693 2061 co'eroueris.
726 2012 762 2060 At

91 2080 183 2140 quidam
191 2080 293 2127 insontes
301 2082 411 2143 peribunt.
445 2079 506 2126 Nam
518 2087 578 2125 etex
589 2077 640 2125 fuso
651 2077 761 2134 exercitu,

91 2161 143 2192 cum
156 2145 257 2192 decimus
268 2147 361 2207 quisque
371 2145 426 2192 fusti
436 2144 522 2199 feritur,
534 2146 601 2190 etiam
613 2143 699 2190 streuui
711 2157 760 2190 sor·

91 2211 187 2257 tinntur.
222 2208 300 2256 Hsbet
317 2211 400 2272 aliquid
418 2225 448 2256 ex
466 2210 544 2270 iniquo
563 2222 631 2255 omne
650 2221 760 2270 magnum

91 2275 228 2337 exmnplum
241 2276 301 2336 quod
312 2283 390 2323 coutra
402 2275 504 2338 singulos
516 2274 612 2321 utilitate
621 2271 713 2337 publici
723 2287 761 2319 re·

91 2339 222 2402 penditur.”

123 2404 203 2451 XLV.
221 2405 349 2455 Sententiae
361 2403 445 2467 Cassii,
457 2413 486 2456 ut
495 2419 638 2456 nemounus
647 2401 779 2452 contraire
796 2431 804 2439 -

79 2479 150 2511 «1111111
160 2477 201 2522 est,
213 2470 247 2517 ita
259 2473 363 2524 dissonae
371 2493 446 2528 voces
458 2475 648 2544 respondebam,
655 2480 800 2520 nummum„

70 2534 111 2570 Μ
117 2539 221 2606 8916111,
235 2546 276 2585 aut
288 2557 388 2604 sexum,
409 2564 436 2598 ac
447 2538 761 2615 plurimosumindulixam
766 2533 817 2578 'ut-

60 2600 196 2670 meqlfflm
208 2603 399 2667 miserantium.
410 2617 575 2672 tPraevndu
585 2623 679 2665 tumen
685 2617 761 2675 ΨΜ
768 2605 836 2660 <iffi

48 2653 194 2711 “mmm
212 2668 394 2737 decernebat:
420 2688 471 2740 seu
492 2680 681 2754 obtemwffi
694 2685 759 2728 ¹¹⁰¹*
770 2678 810 2733 Ψ
827 2676 840 2693 λ’
