1680 3188
59 155 172 204 i.c.61·'
192 154 388 205 ANNALIUM
404 153 536 205 Lm‘XIV.
549 153 608 206 Car.
617 157 655 205 28.
705 160 738 207 m

64 289 186 352 imperium
199 288 313 355 delectus,
327 285 485 350 Cappadocum
502 302 531 334 ex
542 288 663 339 nobilitate,
676 289 738 349 tegla

65 354 176 402 Archelai
196 369 275 415 nepos,
291 354 337 406 sed,
357 354 417 414 quod
436 354 473 400 diu
491 355 556 400 obses
570 354 628 415 apud
648 352 735 400 Urbem

19 444 20 449 =
68 419 150 472 fuerat,
160 419 386 480 usqueadservilem
398 420 528 478 patientiam
539 419 657 465 demissus.
684 416 737 464 Nec

66 499 182 532 consensu
206 491 318 547 acceptus,
342 484 436 530 durante
456 484 514 545 apud
531 484 639 543 quosdam
658 482 737 528 savore

66 549 245 596 Arsacidarum:
271 557 295 594 at
316 549 422 610 plerique,
446 549 570 610 superbiam
598 546 734 594 Parthorum

66 615 149 676 perosi,
162 616 240 661 datum
252 628 265 660 a
277 614 387 661 Romanis
398 629 476 675 regem
486 614 604 659 malebant.
625 613 736 660 Additum

66 685 89 725 et
100 679 239 740 praesidium,
248 678 310 725 mille
320 677 444 740 legionarii,
451 687 497 724 tres
505 679 617 724 sociorum
625 677 737 738 cohortes,

67 743 165 804 duaeque
171 745 272 804 equitum
281 744 330 795 alae,
339 758 384 804 quo
392 743 479 788 facilius
485 757 569 789 novum
581 756 677 803 regnum
686 748 737 788 tue·

67 817 138 856 retur.
172 808 230 855 Pars
247 808 371 861 Armeniae,
390 815 416 852 ut
429 808 511 866 cuique
524 805 626 862 finitima,
638 805 736 853 Pharas·

67 875 129 920 mani
149 872 315 932 Polemonique
336 879 360 918 et
383 871 514 918 Aristobulo
533 883 600 933 atque
622 872 738 919 Antiocho

67 953 147 1000 parere
162 940 236 998 jussae
255 946 315 982 sunt.
348 934 448 983 Corbulo
470 938 493 982 in
516 937 604 997 Syriam
622 937 737 992 abscessit,

69 1011 144 1050 morte
157 1002 267 1050 Ummidii
279 1001 349 1062 legati
358 1016 460 1055 vacuam,
472 1002 545 1048 acsibi
554 1002 692 1062 permissam.

100 1066 217 1124 xxvlL
232 1065 320 1113 Eodem
332 1081 398 1120 anno,
416 1081 448 1112 ex
461 1066 583 1113 illustribus
598 1067 662 1112 Asiae
677 1067 738 1113 urbi·

68 1133 116 1188 bus,
131 1132 248 1180 Laodicea
258 1138 357 1178 tremore
373 1139 439 1177 terrae
450 1132 558 1193 prolapsa,
576 1130 639 1176 nullo
651 1146 664 1176 a
675 1132 739 1179 nobis

69 1199 177 1252 remedio,
185 1198 281 1260 propriis
292 1197 370 1258 opibus
381 1196 482 1242 revaluit
515 1196 549 1242 At
560 1195 582 1241 in
595 1193 662 1241 Italis
671 1203 739 1243 vetus

69 1263 183 1325 oppidum,
205 1262 301 1314 Puteoli,
319 1263 359 1322 jus
377 1261 472 1308 coloniae
490 1267 513 1307 et
532 1268 708 1322 cognomentum
724 1275 739 1308 a

69 1327 166 1375 Nerone
182 1329 341 1389 adipiscuntur.
375 1326 483 1373 Veterani
503 1325 628 1372 Tarentum
643 1331 666 1370 et
688 1325 737 1371 An-

68 1393 124 1440 tium
133 1393 239 1456 adscripti
249 1412 254 1438 :
270 1408 315 1439 non
324 1399 399 1438 tamen
407 1391 564 1451 lnlrequentiae
573 1392 673 1437 locorum
685 1391 738 1437 sub-

67 1456 159 1513 venere,
171 1459 262 1520 dilapsis
272 1458 371 1518 pluribus
382 1458 404 1503 In
416 1457 549 1518 provincias,
566 1458 590 1502 in
605 1456 685 1516 quihus
696 1456 737 1502 sti-

69 1525 153 1586 pendia
171 1524 331 1586 expleverant:
360 1538 433 1582 neque
452 1523 563 1584 conjugiis
583 1521 736 1583 suscipiendis,

70 1605 144 1650 neque
155 1590 241 1636 alendis
253 1588 327 1634 liberis
338 1589 401 1641 sueti,
414 1589 478 1634 orbas
490 1588 538 1634 sine
549 1587 645 1648 posteris
657 1586 737 1632 domos

70 1655 233 1715 relinquebant.
260 1652 314 1699 Non
327 1654 394 1705 enim,
403 1661 429 1699 ut
440 1650 500 1705 olim,
513 1653 624 1698 universae
634 1650 737 1712 legiones

69 1719 244 1773 deducebantur,
262 1734 313 1763 eum
330 1719 425 1764 tribunis
436 1725 458 1763 et
469 1717 643 1769 centurionibus,
660 1722 684 1761 et
701 1715 736 1761 sui

69 1785 179 1846 cujusque
196 1780 281 1829 ordinis
296 1783 409 1836 militibus,
427 1790 452 1829 ut
473 1796 584 1828 consensu
605 1788 629 1827 et
646 1781 746 1837 caritate,

69 1863 141 1911 remp.
151 1849 281 1902 efficerent;
299 1848 338 1893 sed
355 1849 427 1909 ignoti
443 1848 503 1893 inter
515 1863 545 1900 se,
559 1845 653 1913 diversis
663 1845 736 1891 mani·

68 1914 134 1976 pulis,
156 1914 206 1960 sine
217 1920 310 1967 rectore,
329 1914 377 1959 sine
394 1912 509 1958 affectibus
525 1911 616 1971 mutuis,
627 1910 691 1970 quasi
708 1923 737 1956 ex

69 1979 113 2025 alio
132 1994 219 2040 genere
236 1978 364 2024 mortalium
384 1986 476 2038 repente
498 1978 522 2023 in
541 1991 611 2022 unum
630 1974 735 2032 collecti3

70 2058 180 2090 uumerus
191 2045 271 2105 magis,
284 2059 350 2102 quam
359 2043 455 2088 colonia

100 2106 230 2155 XXVIII.
249 2108 347 2156 Comitia
357 2115 486 2169 praetorum,
498 2106 588 2153 arbitrio
599 2102 689 2152 senatis
697 2104 738 2152 ba·

68 2173 114 2220 beri
127 2175 200 2228 solita,
212 2175 273 2234 quod
283 2175 369 2220 acriore
379 2173 464 2218 ambitu
480 2177 615 2222 exarserant,
633 2170 737 2231 princeps

69 2240 204 2302 composuit,
215 2248 268 2291 tres,
277 2240 315 2298 qui
327 2253 393 2299 supra
404 2252 522 2283 numerum
529 2236 641 2296 petebant,
652 2234 737 2296 legioni

68 2303 221 2366 praeficiendo.
254 2304 371 2363 Auxitque
381 2311 470 2364 patrum
482 2303 597 2354 bonorem,
609 2299 736 2353 statuendo,

68 2376 100 2424 ut
119 2370 159 2429 qui
171 2385 185 2414 a
195 2369 288 2429 privatis
301 2369 415 2430 juditibus
429 2368 456 2414 ad
473 2364 736 2426 senatumprovocavia-

69 2441 126 2487 sent.
138 2434 240 2495 eJ'usdem
255 2435 356 2494 manniae
374 2433 496 2493 periculum
516 2431 623 2483 Iacerent,
635 2443 686 2474 cum
702 2428 736 2483 bs,

68 2499 105 2559 qui
117 2500 274 2560 imperatorem
292 2495 446 2559 appellavere:
466 2512 518 2543 nam
529 2503 595 2541 antea
606 2507 703 2559 vacuum
712 2492 750 2539 id'

69 2564 214 2623 solutumque
224 2561 381 2623 poemisuerat
414 2561 472 2609 Fme
485 2562 540 2607 anni
551 2559 633 2606 Vibius
648 2559 745 2606 aarum».

60 2627 109 2682 dua,
122 2642 193 2688 eques
203 2627 335 2689 Romaom
353 2629 518 2681 accusantibus
524 2626 634 2683 Mauris,
642 2629 756 2695 ‘them'
