1680 3188
125 129 172 171 142
206 125 397 174 ANNALIUM
409 125 653 176 Lra.XVI.Car.13.
674 130 791 176 U-c.819·

119 257 191 320 jubet
224 256 291 304 Tunc
300 259 378 304 eoderu
390 259 413 303 in
425 259 532 312 cubiculo,
544 259 623 304 eodem
632 257 692 304 ferro
701 257 789 305 abscin-

123 321 179 368 dunt
190 336 265 378 venas,
282 324 421 385 properique,
437 331 459 370 et
470 322 565 384 singulis
574 323 675 370 vestibus
685 323 715 369 ad
725 337 790 369 vere-

123 384 228 433 cundiam
240 384 314 442 velati,
325 386 410 434 balneis
421 386 561 434 inferuntur:
579 395 644 449 pater
652 385 729 442 fllium,
741 387 792 435 avia

122 451 507 564 inanimantia
524 453 791 578 iiiiii-wa

505 549 511 572 l

124 581 255 641 superstites
270 589 293 627 et
307 582 434 627 morituros.
467 580 615 642 servavitque
629 580 733 628 ordinem
742 580 789 627 for·

123 653 193 691 tuna:
213 661 239 691 ac
250 646 349 692 seniores
360 647 428 707 prius,
440 655 487 692 turn
499 647 534 692 cui
545 647 618 707 prima
628 653 691 700 aetas,
703 645 790 693 exstin-

123 716 233 772 guuntur.
268 710 376 771 Accuaati
396 718 446 772 post
463 711 606 774 sepulturam,
624 710 790 771 decretumque,

123 781 152 820 ut
162 789 225 821 more
235 776 345 838 majorum
356 776 495 837 punirentur.
527 775 560 822 Et
575 773 641 822 Nero
655 775 790 829 intercessit,

124 846 221 886 mortem
233 841 283 887 aine
290 839 371 886 arbitro
382 842 519 902 permittens
551 838 595 896 Ea,
607 839 791 901 caedrbnaperac·

123 903 163 961 iis,
175 904 268 952 ludibria
279 904 442 968 adjiciebantur.

159 966 220 1014 ΧΗ.
236 967 264 1016 P.
270 970 357 1024 Gallus,
367 985 435 1030 eques
443 969 569 1023 Romanus,
577 967 637 1031 quod
646 966 722 1015 Fenio'
728 965 792 1015 Rufo

125 1033 219 1080 intimus
230 1041 253 1080 et
265 1033 345 1080 Veteri
353 1050 399 1081 non
410 1035 495 1081 alenus
505 1033 584 1089 suerat,
596 1031 653 1094 aqui
664 1040 733 1094 atque
742 1031 792 1095 igni

124 1098 249 1160 prohibitus
259 1105 301 1146 est.
333 1097 425 1146 Liberto
436 1107 459 1147 et
469 1099 592 1146 accusatori
600 1099 720 1161 praemium
737 1110 792 1159 ope·

125 1177 167 1219 rae,
183 1163 247 1211 locus
257 1165 281 1211 in
292 1165 380 1212 tlreatro
390 1166 448 1212 inter
458 1165 556 1212 viatores
566 1161 704 1218 tribunicios,
719 1161 791 1208 datrir.

125 1224 160 1275 Et
171 1230 262 1285 mensis,
273 1229 311 1290 qui
322 1229 345 1277 Δ
361 1229 431 1284 rilem,
443 1229 591 1290 eumdemque
601 1227 744 1281 Neroneum,
755 1240 792 1273 se·

125 1294 240 1353 quebatnr,
252 1293 330 1342 Maius
371 1295 437 1350 audii,
448 1293 531 1344 Juuius
543 1291 682 1348 Germanici,
692 1290 792 1339 vocabu·

125 1357 289 1406 lismutantur:
309 1358 443 1408 testificame
451 1358 559 1409 Cornelio
566 1357 648 1414 Oriito,
659 1356 698 1421 qui
705 1356 730 1404 id
737 1370 793 1404 oen·

125 1430 208 1476 suerat,
225 1423 274 1470 ideo
285 1422 380 1472 Junium
391 1440 492 1472 mensem
502 1424 667 1478 transmissum,
682 1420 737 1483 quia
747 1421 794 1469 duo

121 1487 170 1549 jam
181 1485 299 1548 Torquati,
312 1490 341 1536 ob
351 1489 436 1538 scelera
445 1489 563 1545 interiecti,
574 1488 698 1536 infaustum
708 1500 794 1535 nomm

67 1582 70 1591 ·
125 1549 221 1599 Junium
231 1551 346 1600 iecissent.

160 1614 234 1662 XIIL
255 1615 304 1664 Tot
318 1616 454 1666 facinoribus
469 1618 556 1666 ioedum
576 1631 660 1665 aunmn
676 1615 745 1663 etiam
762 1613 793 1662 dii

126 1681 295 1741 tempestatibus
309 1689 333 1728 et
343 1684 427 1729 morbis
437 1679 582 1744 insignivdre.
613 1680 710 1728 Vastata
721 1678 794 1728 Carn-

126 1744 193 1806 pania
209 1746 298 1793 turbine
313 1755 440 1801 ventorum,
458 1746 585 1807 quirillus,
602 1746 698 1800 arbusta,
714 1743 795 1807 fruges

157 1808 210 1856 s'sim
233 1810 335 1872 disjecit:
359 1810 494 1872 pertulitque
515 1811 645 1873 violentiam
667 1809 696 1856 ad
716 1808 793 1858 vicina

127 1824 202 1920 ibai:
222 1875 245 1920 in
256 1873 302 1936 qub
312 1891 380 1922 omne
387 1875 513 1922 mortalium
525 1890 598 1938 genus
611 1875 647 1921 vis
657 1872 793 1936 pestilentiae

127 1939 307 2002 depopulabatur,
320 1937 382 1986 nulli
393 1940 444 1986 coeli
454 1941 592 2001 intemperie,
604 1954 654 2001 quae
665 1945 793 1986 occurreret

128 2004 206 2050 oculis.
240 2003 286 2051 Sed
299 2005 379 2051 domus
390 2006 519 2066 corporibus
529 2004 647 2060 exanimis,
664 2003 745 2050 itinera
754 2002 791 2049 iu·

127 2069 224 2124 neribus,
236 2070 415 2131 complebantur:
435 2085 481 2116 non
493 2084 566 2123 sexus,
578 2084 624 2115 non
631 2074 686 2114 aetas
692 2067 793 2129 periculo

125 2148 211 2180 vacua:
232 2134 322 2180 servitia
332 2134 423 2196 perinde
434 2141 457 2180 et
467 2135 566 2196 ingenua
575 2133 651 2195 plebes
658 2133 739 2195 raptim
752 2146 792 2178 cx-

126 2199 219 2260 stingui,
236 2199 294 2244 inter
310 2200 432 2260 conjugum
449 2204 471 2245 et
487 2198 605 2244 liberorum
616 2197 730 2254 lamenta3
747 2196 793 2257 qni,

127 2266 181 2311 dum
193 2262 297 2317 assident,
309 2263 362 2309 dum
373 2262 463 2319 deflent,
476 2277 535 2324 saepe
546 2262 625 2309 eodem
636 2276 693 2324 rogo
704 2274 792 2307 creona·

125 2330 223 2376 bantur:
247 2328 347 2387 equiturn
369 2336 541 2389 senatorumque
557 2327 667 2380 interitus,
689 2325 793 2386 quamvis

127 2392 255 2456 promiscui,
271 2393 346 2438 minus
357 2391 441 2438 flebiles
456 2400 532 2451 erant3
549 2400 662 2451 tamquam
678 2389 794 2435 communi

128 2457 264 2503 mortalitate
278 2457 386 2504 saevitiam
397 2457 502 2518 principis
513 2456 670 2518 praevenirent.
703 2452 792 2501 Eodem

127 2536 187 2568 anno
198 2520 297 2569 delectus
307 2537 348 2584 per
357 2521 453 2568 Galliam
463 2520 634 2567 Narbonensem
646 2517 793 2579 Africamque

60 2647 62 2651 y
120 2593 146 2633 et
156 2585 239 2634 Asiam
251 2588 321 2637 habiti
335 2595 395 2645 suut,
414 2586 547 2650 supplendis
558 2583 650 2642 luqnn
658 2582 801 2639 legionibus,

60 2682 78 2703 h.
107 2664 141 2701 ex
149 2652 237 2716 quibus
249 2663 322 2705 aetate
334 2662 377 2705 aut
386 2653 525 2704 valetudine
539 2647 600 2697 iesai
613 2648 756 2690 mammeam
765 2640 815 2684 sox-
