1680 3188
140 94 592 189 r.aonrconinv1na.cn.·rr.
647 104 694 160 ror

35 238 116 289 larium
134 244 213 298 caerles,
224 251 258 291 tot
274 243 459 290 nobilissimarum
468 241 601 289 feminarum
619 241 697 287 exsilia

36 314 61 353 et
71 306 144 368 sugas.
176 308 230 354 Uuri
240 310 311 354 adhuc
328 307 421 354 victoriis
432 305 505 355 Carus
516 307 603 354 Metius
617 320 696 352 conse

35 371 107 425 batur,
119 379 142 418 et
158 373 216 419 intra
232 373 343 419 Albanam
359 387 433 419 arcem
451 372 560 418 sententia
576 369 697 421 Messalini

27 437 168 496 'strepebat3
190 444 214 482 et
235 436 315 484 Massa
331 435 416 483 Bebius
432 436 480 497 jam
502 443 550 482 turn
568 451 620 482 reus
641 440 697 485 erat,

37 499 99 547 Mox
109 507 194 547 nostrae
203 498 286 547 duxere
298 499 429 547 Helvidium
443 501 467 546 in
478 515 588 546 carcerem
599 513 679 545 manus
686 514 697 544 r·

37 579 80 610 nos
97 564 195 610 Maurici
206 564 338 625 Rusticique
354 565 446 619 divisus,
456 579 498 610 nos
512 563 626 610 innocenti
643 578 696 608 san·

37 629 108 688 guine
118 629 213 676 Senecio
223 629 325 690 perfudit.
357 628 421 676 Nero
431 637 506 675 tamen
522 628 630 675 subtraxit
640 642 696 673 ocu·

36 691 79 746 los,
93 693 205 754 jussitque
216 693 311 750 scelera,
329 709 375 740 non
389 694 509 755 spectavit:
528 693 640 754 praecipua
654 692 696 738 sub

38 754 173 803 Domitiano
183 758 320 804 miseriarum
335 773 387 819 pars
402 766 457 814 erat,
467 758 543 804 videre
558 765 582 804 et
596 756 693 818 adspicis

38 834 89 867 cum
101 823 194 883 suspiria
209 829 286 868 nostra
301 823 501 872 subscriberenturr
521 837 572 868 curn
587 822 695 867 denotau-

38 883 73 930 dis
83 891 117 931 tot
128 887 242 933 hominum
256 887 375 948 palloribus
390 887 501 934 sufficeret
511 901 585 933 saevus
595 885 633 932 ille
643 884 694 932 vul-
773 894 776 905 ·

36 957 74 996 tus
90 958 113 996 et
124 952 196 1005 rubor,
207 966 252 1011 quo
263 967 287 997 se
297 959 375 999 contre
384 952 491 1012 pudorem
506 951 626 997 muniebat.
657 947 695 995 Tu

36 1029 92 1061 vero
109 1015 169 1070 felix,
182 1015 295 1077 Agricola,
307 1031 352 1062 non
369 1017 424 1064 vitae
432 1023 521 1063 tantum
538 1015 642 1072 claritate,
655 1017 694 1063 sed

32 1081 103 1126 etiam
118 1081 282 1142 opportunitate
292 1081 379 1136 mortis,
392 1082 428 1144 (ut
438 1081 560 1142 perbibent,
572 1081 609 1140 qui
623 1082 693 1127 inter·

33 1143 125 1191 suerunt
141 1146 268 1192 novissimis
285 1146 423 1192 sermonibus
439 1142 495 1206 tuis)
513 1151 617 1191 constans
628 1152 651 1191 et
666 1145 694 1191 li-

33 1209 89 1257 bens
106 1209 176 1255 fatum
193 1211 313 1271 excepisti3
330 1219 442 1270 tamquam
460 1226 500 1271 pro
515 1209 574 1256 virili
590 1211 694 1270 portione

33 1275 184 1320 innocentiam
205 1274 298 1336 principi
320 1276 420 1323 donares.
453 1275 499 1321 Sed
516 1274 570 1319 mihi
591 1272 693 1335 filiaeque,

33 1346 116 1400 praeter
125 1339 267 1385 acerbitatem
278 1340 376 1400 parentis
386 1340 463 1401 erepti,
477 1346 545 1400 auget
555 1339 693 1394 numantiam,

34 1405 94 1464 quod
111 1404 209 1450 assidere
223 1404 351 1459 valetudini,
366 1403 444 1450 fovere
458 1402 601 1456 deiicientem,
618 1404 693 1450 satiari

33 1469 104 1522 vultu,
116 1468 240 1529 complexu,
252 1483 298 1514 non
312 1469 414 1530 contigit.
444 1467 618 1530 Excepissemus
632 1474 694 1514 certe

33 1534 137 1579 mandata
155 1547 272 1592 vocesque,
295 1548 349 1593 quas
369 1534 457 1594 penitus
476 1533 550 1579 animo
566 1531 692 1594 figeremus.

34 1596 119 1645 Noster
130 1598 166 1642 bie
177 1597 246 1650 dolor,
258 1605 359 1643 nostrum
369 1597 465 1644 vulnus:
485 1597 548 1643 nobis
559 1604 603 1643 tarn
615 1599 693 1660 longae

32 1661 140 1708 absentiae
155 1661 282 1707 conditione
298 1669 350 1708 ante
365 1662 533 1721 quadriennium
550 1663 643 1708 amissus
659 1677 692 1708 es.

33 1725 117 1772 Omnia
128 1726 176 1771 sine
187 1726 259 1780 dubio,
268 1727 351 1787 optime
361 1738 484 1787 parentum,
492 1726 604 1772 assidente
613 1741 691 1772 aman·

32 1788 120 1836 tissimi
138 1805 214 1845 uxore,
235 1789 362 1851 superfuere
381 1791 459 1837 honori
477 1798 530 1837 tuo:
554 1792 695 1852 paucioribus

32 1861 108 1900 tamen
118 1854 224 1914 lucrymis
235 1855 371 1916 compositus
382 1869 419 1912 es3
437 1862 460 1901 et
474 1852 595 1901 novissima
606 1856 630 1902 in
640 1856 691 1902 luce

31 1916 186 1964 desideravere
196 1919 277 1979 aliquid
288 1919 346 1965 oculi
358 1920 396 1966 tui.

26 2016 32 2026 ,
65 1981 160 2029 XLVI.
180 1983 204 2029 Si
215 1984 265 2042 quis
275 1984 362 2044 piorum
376 1984 477 2030 manibus
487 1983 564 2040 locus;
582 1985 606 2038 si,
619 1991 643 2030 ut
653 1999 690 2030 sa·

30 2045 144 2109 pientibus
164 2048 243 2108 placet,
265 2063 311 2094 non
332 2063 383 2094 curn
405 2063 497 2108 corpore
518 2049 691 2109 exstinguuntur

30 2126 122 2172 magnae
138 2113 235 2167 animsc;
254 2113 346 2172 placide
357 2113 471 2172 quiescas3
491 2127 583 2172 nosque,
600 2113 691 2159 domum

31 2183 101 2230 tuam,
113 2177 141 2222 ab
157 2175 244 2222 infirmo
261 2177 368 2223 desiderio
385 2184 408 2222 et
423 2177 564 2222 muliebribus
581 2177 690 2231 lamentis,

30 2241 59 2287 ad
81 2241 291 2301 contemplationem
309 2242 416 2286 virtutum
436 2247 524 2287 tuarum
542 2255 616 2294 voces,
636 2255 692 2300 quas

31 2320 104 2365 neque
121 2305 193 2366 lugeri
210 2309 282 2364 neque
299 2306 375 2366 plangi
392 2305 426 2351 fas
442 2313 489 2352 est:
508 2305 653 2351 admiratione
668 2311 692 2350 te

28 2371 111 2430 potius,
130 2384 197 2429 quam
217 2371 375 2430 temporalibus
395 2370 502 2424 laudibus,
522 2376 550 2424 et,
571 2370 589 2415 si
611 2375 692 2415 natura

29 2434 161 2494 suppeditet,
173 2433 315 2481 aemulatione
331 2435 466 2482 decoremus.
500 2433 524 2480 Is
535 2448 601 2480 verus
612 2433 693 2489 honos,

28 2511 56 2542 ea
70 2497 247 2558 conjunctissimi
262 2500 370 2562 cujusque
380 2501 456 2560 pietas.
488 2497 516 2545 Id
526 2497 579 2544 filiae
594 2513 688 2559 quoque,

28 2562 137 2622 uxorique
147 2563 297 2624 praeceperim,
309 2565 342 2610 sic
351 2565 426 2627 patris,
436 2565 467 2611 sic
475 2563 548 2610 mariti
559 2564 691 2609 memoriam

24 2627 132 2682 vermari,
143 2634 171 2674 ut
180 2628 260 2677 omnia
275 2628 339 2682 facta
352 2631 461 2694 dietaque
474 2630 527 2694 e'qus
535 2641 620 2678 seeum
629 2625 710 2671 ream·
738 2692 742 2697 Ι
