1680 3188
127 125 172 169 138
206 120 397 169 ANNALIUM
409 121 461 168 Lra.
470 121 540 168 XVI.
553 120 612 170 Car.
620 125 642 167 4.
675 125 790 173 U.C.819.

125 260 148 298 et
170 253 280 298 deiectum
303 254 420 314 remigium
439 254 546 314 juvandae
566 252 718 300 festinationi:
744 268 789 300 uec

122 318 182 364 aliud
192 333 232 379 per
243 318 292 363 ilios
303 319 350 364 dies
361 319 455 380 populus
469 319 604 372 credulitate,
620 318 788 380 prudentesdi-

123 380 189 429 versi
198 381 266 435 fami,
277 381 355 428 tulere.
387 382 423 430 Ac
434 383 493 430 forte
502 383 665 444 quinquennale
675 382 788 429 ludicram

124 447 221 493 secundo
237 436 309 494 lustro
320 447 482 494 celebrabatur·
501 448 676 494 narratoribus
690 448 788 493 oratori·

122 512 208 572 busque
229 513 341 574 praeeipua
358 514 450 558 materia
471 513 494 558 in
515 512 604 558 laudem
621 510 729 573 principis
750 527 787 558 as·

123 585 198 623 sumta
207 585 256 623 est:
276 592 321 624 non
333 578 392 624 enim
404 584 491 624 tanturn
502 577 578 623 solitas
588 576 672 638 fruges,
683 591 727 623 nec
736 591 787 623 me·

101 673 104 680 ,
123 641 182 686 taliis
192 640 310 688 confusum
322 658 400 687 aurum
411 643 483 703 gigni,
501 642 540 688 sed
552 639 610 688 novd
621 642 722 688 ubertate
732 656 786 702 pro·

123 707 200 752 venire
211 715 299 756 terram,
317 714 340 752 et
357 708 434 752 obvias
445 721 498 782 opes
509 705 595 752 deferre
605 707 674 762 deos;
690 720 787 766 quaeque

122 769 172 826 alia,
191 786 277 816 summa
265 770 389 818 facundii
400 787 441 816 nec
453 772 539 817 minore
549 771 684 825 adulatione,
698 769 788 847 servilia

124 834 244 896 fingebant,
257 837 327 880 securi
340 836 367 881 de
377 834 483 882 facilitate
492 836 611 881 credentis.

157 897 204 945 ΙΙΙ.
222 899 355 946 Gliscebat'
351 901 438 947 interim
452 901 541 946 luxuria
555 915 594 961 spe
607 899 685 956 inani3
702 913 785 946 consu·

123 964 282 1024 mebanturque
292 972 379 1011 veteres
391 981 450 1026 opes,
462 979 524 1025 quasi
518 965 620 1018 'oblatis
636 979 692 1024 quas
702 963 787 1010 multos

122 1041 162 1090 per
172 1043 242 1074 annos
253 1029 386 1090 prodigeret
420 1028 483 1083 Quin
491 1037 514 1074 et
521 1029 573 1075 inde
579 1030 627 1091 jam
635 1029 786 1090 largiebatur3

123 1099 146 1138 et
154 1093 279 1140 divitiarum
290 1095 427 1155 exspectatio
437 1095 496 1140 inter
507 1109 585 1140 causas
595 1093 731 1155 paupertatis
740 1107 784 1154 pu·

122 1158 187 1204 blicae
203 1165 264 1204 erat:
284 1173 335 1205 nam
353 1157 446 1214 Bassus,
465 1156 546 1204 effosso
562 1173 618 1220 agro
635 1157 786 1217 sociatisque

123 1223 206 1269 circum
226 1224 292 1277 arvis,
311 1224 365 1269 dum
383 1225 442 1270 hunc
457 1223 495 1270 vel
512 1223 666 1270 iilum²locum
676 1221 786 1284 'promissi

124 1288 203 1349 spectio
223 1295 341 1342 asseverat,
362 1294 528 1349 sequunturque
545 1301 591 1335 non
608 1287 675 1334 modo
694 1287 785 1341 milites,

123 1353 160 1398 sed
169 1352 263 1414 populus
271 1354 399 1414 agrestium,
411 1353 527 1399 efficiendo
535 1353 595 1415 operi
603 1355 722 1406 assumtus,
735 1357 785 1398 tarr·

123 1416 181 1470 dem,
201 1415 274 1478 positi
291 1416 403 1472 vecordia,
421 1432 467 1463 non
486 1417 541 1464 falsa
560 1423 612 1463 ante
631 1417 718 1463 somnia
737 1429 785 1471 sua,

122 1496 190 1541 seque
208 1488 262 1527 tunc
278 1482 374 1542 primurn
391 1482 484 1537 elusum,
502 1482 620 1535 admirans,
636 1481 744 1542 pudorem
761 1486 785 1526 et

121 1553 207 1591 metum
218 1553 290 1592 morte
300 1543 426 1593 voluntaria
433 1545 527 1624 effugit.
559 1544 665 1601 Quidam,
681 1546 784 1592 vinctum

121 1625 148 1656 ao
158 1625 213 1656 mox
223 1610 347 1668 dimissum,
358 1608 475 1667 tradidere,
487 1612 581 1658 ademtis
591 1610 680 1666 bonis,
672 1624 698 1656 ιιι
708 1611 784 1680 locum

121 1691 133 1731 l
162 1690 190 1721 rae
200 1690 275 1736 g.azae

133 1675 217 1785 egli}
215 1738 305 1787 Interea
315 1748 411 1796 senatus,
425 1741 549 1804 propinquo
555 1741 604 1803 jam
613 1740 700 1787 lustrali
711 1746 784 1786 carta·

120 1804 188 1880 spine,
205 1812 230 1850 ut
245 1806 340 1852 dedecus
355 1813 471 1860 averteret,
489 1805 554 1852 offert
568 1805 695 1868 imperatori
710 1805 783 1851 sicto-

120 1871 175 1917 riam
186 1869 272 1924 cantiis,
284 1870 518 1933 adjicitquefacundiae
526 1885 638 1924 coronam,
647 1867 785 1930 qudludicra

120 1926 250 1981 deformitas
265 1935 383 1982 velaretur.
416 1935 461 1982 Sed
476 1934 547 1988 Nero,
557 1935 619 1989 nihii
634 1935 725 1989 ambitu,
741 1948 783 1980 nec

120 2006 230 2061 potestate
242 1999 332 2047 senatris
340 2017 399 2062 opus
410 2016 466 2054 esse,
482 1981 593 2055 dictitans,
606 2014 631 2045 se
642 2013 732 2059 aequum
744 1998 783 2044 ad·

120 2080 200 2111 versus
211 2065 311 2120 aemulos,
323 2072 346 2111 et
354 2066 462 2127 religione
468 2066 591 2144 judicum
581 2064 683 2110 meritam
694 2063 784 2110 laudem

120 2119 280 2185 assecuturum,
297 2131 370 2192 primo
381 2146 470 2177 carmen
487 2130 510 2175 in
527 2127 595 2175 scena
609 2129 701 2175 recitat.
720 2141 781 2182 mox,

120 2193 237 2270 flagitante
249 2195 326 2272 ιιιῐςο,
337 2203 363 2242 ut
374 2197 449 2241 omniu
460 2195 532 2240 studia
540 2209 580 2240 sua
588 2193 709 2255 publicaret
716 2193 783 2269 ¹(haec

120 2260 180 2321 enim
191 2260 259 2306 verba
269 2257 356 2318 dixere)
374 2259 498 2322 ingreditur
511 2260 629 2312 theatrum,
647 2258 735 2304 cunctis
751 2258 783 2303 ci·
785 2297 787 2301 ,

120 2314 190 2370 tharae
205 2325 292 2401 legibus
307 2325 476 2403 obtemperans;
494 2339 522 2370 ne
536 2323 609 2370 fessus
625 2323 737 2375 resideret,
755 2337 784 2368 ne

120 2384 231 2442 sudorem,
246 2390 287 2436 nisi
299 2386 332 2444 eri,
349 2405 415 2449 quam
426 2389 513 2435 indutui
524 2390 621 2451 gerebat,
633 2394 698 2433 veste
709 2388 782 2432 deter-

119 2460 200 2514 geret;
218 2461 243 2500 ut
253 2453 315 2500 nulia
325 2455 369 2500 oris
380 2461 419 2501 aut
428 2454 514 2500 narium
529 2458 672 2499 excrementa
681 2452 783 2497 viseren-

118 2524 163 2577 tur.
195 2516 315 2566 Postremo
326 2517 397 2564 flexus
414 2534 481 2581 genu,
498 2532 521 2564 er
538 2525 621 2564 coeturn
637 2517 700 2562 illum
714 2530 784 2562 manu

110 2590 241 2637 reseratus,
260 2585 386 2633 sententiaa
398 2584 502 2648 judicum
515 2583 665 2646 opperiebatur
673 2580 728 2626 beto
742 2596 782 2640 pa-

189 2647 238 2699 Et
255 2652 323 2718 plebs
342 2651 438 2718 quidem
457 2649 538 2722 lirliis,
552 2647 695 2729 lisstnouuro
709 2655 800 2700 quantit
