<?xml version="1.0" encoding="UTF-8"?>
<!DOCTYPE html PUBLIC "-//W3C//DTD XHTML 1.0 Transitional//EN"
    "http://www.w3.org/TR/xhtml1/DTD/xhtml1-transitional.dtd">
<html xmlns="http://www.w3.org/1999/xhtml" xml:lang="en" lang="en">
 <head>
  <title>
</title>
<meta http-equiv="Content-Type" content="text/html;charset=utf-8" />
  <meta name='ocr-system' content='tesseract 3.04.00' />
  <meta name='ocr-capabilities' content='ocr_page ocr_carea ocr_par ocr_line ocrx_word'/>
</head>
<body>
  <div class='ocr_page' id='page_1' title='image "./ccorneliitaciti01obergoog_0177.png"; bbox 0 0 1680 3188; ppageno 0'>
   <div class='ocr_carea' id='block_1_1' title="bbox 67 403 765 455">
    <p class='ocr_par' dir='ltr' id='par_1_1' title="bbox 67 403 765 455">
     <span class='ocr_line' id='line_1_1' title="bbox 67 403 765 455; baseline -0.006 -3"><span class='ocrx_word' id='word_1_1' title='bbox 67 407 114 454; x_wconf 78' lang='lat'><strong>172</strong></span> <span class='ocrx_word' id='word_1_2' title='bbox 249 403 535 455; x_wconf 84' lang='lat' dir='ltr'><strong>SUPPLEMENTUM</strong></span> <span class='ocrx_word' id='word_1_3' title='bbox 606 406 722 449; x_wconf 61' lang='lat' dir='ltr'><strong>uam.</strong></span> <span class='ocrx_word' id='word_1_4' title='bbox 760 418 765 426; x_wconf 89' lang='lat'><strong>·</strong></span> 
     </span>
    </p>
   </div>
   <div class='ocr_carea' id='block_1_2' title="bbox 60 529 726 2703">
    <p class='ocr_par' dir='ltr' id='par_1_2' title="bbox 62 529 724 1554">
     <span class='ocr_line' id='line_1_2' title="bbox 64 529 722 597; baseline -0.002 -17"><span class='ocrx_word' id='word_1_5' title='bbox 64 534 165 580; x_wconf 87' lang='lat' dir='ltr'><strong>nuntiata</strong></span> <span class='ocrx_word' id='word_1_6' title='bbox 176 534 255 581; x_wconf 84' lang='lat' dir='ltr'><strong>Galbae</strong></span> <span class='ocrx_word' id='word_1_7' title='bbox 262 543 286 582; x_wconf 91' lang='lat' dir='ltr'><strong>et</strong></span> <span class='ocrx_word' id='word_1_8' title='bbox 297 533 456 597; x_wconf 80' lang='lat' dir='ltr'><strong>Hispaniarum</strong></span> <span class='ocrx_word' id='word_1_9' title='bbox 466 533 570 581; x_wconf 83' lang='lat' dir='ltr'><strong>defectio.</strong></span> <span class='ocrx_word' id='word_1_10' title='bbox 594 530 632 580; x_wconf 76' lang='lat' dir='ltr'><strong>Ed</strong></span> <span class='ocrx_word' id='word_1_11' title='bbox 642 529 722 587; x_wconf 68' lang='lat' dir='ltr'><strong>aradii,</strong></span> 
     </span>
     <span class='ocr_line' id='line_1_3' title="bbox 64 598 722 660; baseline 0.002 -16"><span class='ocrx_word' id='word_1_12' title='bbox 64 599 147 644; x_wconf 85' lang='lat' dir='ltr'><strong>corruit</strong></span> <span class='ocrx_word' id='word_1_13' title='bbox 164 599 278 652; x_wconf 87' lang='lat' dir='ltr'><strong>exanimis,</strong></span> <span class='ocrx_word' id='word_1_14' title='bbox 292 599 372 660; x_wconf 89' lang='lat' dir='ltr'><strong>diuque</strong></span> <span class='ocrx_word' id='word_1_15' title='bbox 385 600 434 645; x_wconf 89' lang='lat' dir='ltr'><strong>sine</strong></span> <span class='ocrx_word' id='word_1_16' title='bbox 447 613 510 652; x_wconf 83' lang='lat' dir='ltr'><strong>voce,</strong></span> <span class='ocrx_word' id='word_1_17' title='bbox 526 613 552 644; x_wconf 85' lang='lat' dir='ltr'><strong>ac</strong></span> <span class='ocrx_word' id='word_1_18' title='bbox 566 612 638 660; x_wconf 80' lang='lat' dir='ltr'>prope</span> <span class='ocrx_word' id='word_1_19' title='bbox 653 598 722 645; x_wconf 74' lang='lat' dir='ltr'><strong>inrer-</strong></span> 
     </span>
     <span class='ocr_line' id='line_1_4' title="bbox 63 660 720 724; baseline 0 -17"><span class='ocrx_word' id='word_1_20' title='bbox 63 669 163 708; x_wconf 86' lang='lat' dir='ltr'><strong>mortuus</strong></span> <span class='ocrx_word' id='word_1_21' title='bbox 170 663 246 724; x_wconf 89' lang='lat' dir='ltr'><strong>jacuit.</strong></span> <span class='ocrx_word' id='word_1_22' title='bbox 280 662 315 710; x_wconf 88' lang='lat' dir='ltr'><strong>Ut</strong></span> <span class='ocrx_word' id='word_1_23' title='bbox 325 663 422 724; x_wconf 85' lang='lat' dir='ltr'>resipuit,</span> <span class='ocrx_word' id='word_1_24' title='bbox 433 671 496 711; x_wconf 82' lang='lat' dir='ltr'><strong>veste</strong></span> <span class='ocrx_word' id='word_1_25' title='bbox 511 660 615 715; x_wconf 73' lang='lat' dir='ltr'><strong>descissi,</strong></span> <span class='ocrx_word' id='word_1_26' title='bbox 626 675 720 708; x_wconf 68' lang='lat' dir='ltr'><strong>conver*-</strong></span> 
     </span>
     <span class='ocr_line' id='line_1_5' title="bbox 63 724 722 787; baseline 0 -16"><span class='ocrx_word' id='word_1_27' title='bbox 63 727 139 771; x_wconf 87' lang='lat' dir='ltr'><strong>berato</strong></span> <span class='ocrx_word' id='word_1_28' title='bbox 150 727 227 786; x_wconf 89' lang='lat' dir='ltr'><strong>capite,</strong></span> <span class='ocrx_word' id='word_1_29' title='bbox 240 734 313 774; x_wconf 89' lang='lat' dir='ltr'><strong>actum</strong></span> <span class='ocrx_word' id='word_1_30' title='bbox 325 728 353 774; x_wconf 90' lang='lat' dir='ltr'><strong>de</strong></span> <span class='ocrx_word' id='word_1_31' title='bbox 363 743 388 773; x_wconf 88' lang='lat' dir='ltr'><strong>se</strong></span> <span class='ocrx_word' id='word_1_32' title='bbox 401 727 514 786; x_wconf 88' lang='lat' dir='ltr'><strong>queritur;</strong></span> <span class='ocrx_word' id='word_1_33' title='bbox 531 724 722 787; x_wconf 83' lang='lat' dir='ltr'><strong>spretisquesola·</strong></span> 
     </span>
     <span class='ocr_line' id='line_1_6' title="bbox 63 790 722 851; baseline -0.002 -16"><span class='ocrx_word' id='word_1_34' title='bbox 63 790 100 835; x_wconf 83' lang='lat' dir='ltr'><strong>iiis</strong></span> <span class='ocrx_word' id='word_1_35' title='bbox 112 790 234 846; x_wconf 77' lang='lat' dir='ltr'>nutriculae,</span> <span class='ocrx_word' id='word_1_36' title='bbox 246 791 326 837; x_wconf 80' lang='lat' dir='ltr'><strong>similia</strong></span> <span class='ocrx_word' id='word_1_37' title='bbox 337 791 387 837; x_wconf 87' lang='lat' dir='ltr'><strong>aliis</strong></span> <span class='ocrx_word' id='word_1_38' title='bbox 403 791 537 851; x_wconf 86' lang='lat' dir='ltr'><strong>principibus</strong></span> <span class='ocrx_word' id='word_1_39' title='bbox 551 790 660 836; x_wconf 74' lang='lat' dir='ltr'><strong>accidisse</strong></span> <span class='ocrx_word' id='word_1_40' title='bbox 673 802 722 835; x_wconf 89' lang='lat' dir='ltr'><strong>me·</strong></span> 
     </span>
     <span class='ocr_line' id='line_1_7' title="bbox 65 853 722 915; baseline 0 -16"><span class='ocrx_word' id='word_1_41' title='bbox 65 854 179 908; x_wconf 84' lang='lat' dir='ltr'><strong>morantis,</strong></span> <span class='ocrx_word' id='word_1_42' title='bbox 199 870 223 900; x_wconf 88' lang='lat' dir='ltr'><strong>se</strong></span> <span class='ocrx_word' id='word_1_43' title='bbox 241 865 321 915; x_wconf 88' lang='lat' dir='ltr'><strong>praeter</strong></span> <span class='ocrx_word' id='word_1_44' title='bbox 340 862 432 901; x_wconf 89' lang='lat' dir='ltr'><strong>caeteros</strong></span> <span class='ocrx_word' id='word_1_45' title='bbox 448 854 546 900; x_wconf 86' lang='lat' dir='ltr'><strong>inaudita</strong></span> <span class='ocrx_word' id='word_1_46' title='bbox 564 862 588 899; x_wconf 89' lang='lat' dir='ltr'><strong>et</strong></span> <span class='ocrx_word' id='word_1_47' title='bbox 605 853 722 915; x_wconf 68' lang='lat' dir='ltr'><strong>incognita</strong></span> 
     </span>
     <span class='ocr_line' id='line_1_8' title="bbox 62 917 724 979; baseline 0 -16"><span class='ocrx_word' id='word_1_48' title='bbox 62 918 108 978; x_wconf 85' lang='lat' dir='ltr'><strong>pati</strong></span> <span class='ocrx_word' id='word_1_49' title='bbox 127 918 265 973; x_wconf 74' lang='lat' dir='ltr'><strong>lamentatur,</strong></span> <span class='ocrx_word' id='word_1_50' title='bbox 280 919 317 979; x_wconf 90' lang='lat' dir='ltr'><strong>qui</strong></span> <span class='ocrx_word' id='word_1_51' title='bbox 332 933 396 965; x_wconf 88' lang='lat' dir='ltr'><strong>suum</strong></span> <span class='ocrx_word' id='word_1_52' title='bbox 411 919 528 978; x_wconf 90' lang='lat' dir='ltr'><strong>imperium</strong></span> <span class='ocrx_word' id='word_1_53' title='bbox 544 918 610 963; x_wconf 84' lang='lat' dir='ltr'><strong>uivus</strong></span> <span class='ocrx_word' id='word_1_54' title='bbox 626 917 724 963; x_wconf 77' lang='lat' dir='ltr'><strong>amittat·</strong></span> 
     </span>
     <span class='ocr_line' id='line_1_9' title="bbox 65 981 721 1042; baseline -0.002 -15"><span class='ocrx_word' id='word_1_55' title='bbox 65 981 117 1035; x_wconf 85' lang='lat' dir='ltr'><strong>Sed,</strong></span> <span class='ocrx_word' id='word_1_56' title='bbox 128 989 153 1027; x_wconf 86' lang='lat' dir='ltr'><strong>ut</strong></span> <span class='ocrx_word' id='word_1_57' title='bbox 163 983 227 1028; x_wconf 84' lang='lat' dir='ltr'><strong>vanis</strong></span> <span class='ocrx_word' id='word_1_58' title='bbox 237 983 332 1042; x_wconf 86' lang='lat' dir='ltr'><strong>ingeniis</strong></span> <span class='ocrx_word' id='word_1_59' title='bbox 343 991 426 1029; x_wconf 86' lang='lat' dir='ltr'><strong>cuncta</strong></span> <span class='ocrx_word' id='word_1_60' title='bbox 435 997 523 1042; x_wconf 89' lang='lat' dir='ltr'><strong>quoque</strong></span> <span class='ocrx_word' id='word_1_61' title='bbox 534 988 664 1035; x_wconf 78' lang='lat' dir='ltr'><strong>suntrana,</strong></span> <span class='ocrx_word' id='word_1_62' title='bbox 675 988 721 1026; x_wconf 87' lang='lat' dir='ltr'><strong>ter·</strong></span> 
     </span>
     <span class='ocr_line' id='line_1_10' title="bbox 64 1044 718 1105; baseline 0 -15"><span class='ocrx_word' id='word_1_63' title='bbox 64 1060 102 1090; x_wconf 90' lang='lat' dir='ltr'><strong>ror</strong></span> <span class='ocrx_word' id='word_1_64' title='bbox 120 1046 225 1105; x_wconf 87' lang='lat' dir='ltr'><strong>dolorque</strong></span> <span class='ocrx_word' id='word_1_65' title='bbox 246 1044 346 1103; x_wconf 66' lang='lat' dir='ltr'><strong>cessire3</strong></span> <span class='ocrx_word' id='word_1_66' title='bbox 363 1045 477 1093; x_wconf 72' lang='lat' dir='ltr'><strong>revalubre</strong></span> <span class='ocrx_word' id='word_1_67' title='bbox 494 1045 561 1092; x_wconf 85' lang='lat' dir='ltr'><strong>luxus</strong></span> <span class='ocrx_word' id='word_1_68' title='bbox 579 1053 603 1091; x_wconf 92' lang='lat' dir='ltr'><strong>et</strong></span> <span class='ocrx_word' id='word_1_69' title='bbox 622 1044 718 1091; x_wconf 79' lang='lat' dir='ltr'><strong>desidia:</strong></span> 
     </span>
     <span class='ocr_line' id='line_1_11' title="bbox 64 1108 722 1171; baseline -0.002 -16"><span class='ocrx_word' id='word_1_70' title='bbox 64 1110 149 1156; x_wconf 82' lang='lat' dir='ltr'><strong>acriora</strong></span> <span class='ocrx_word' id='word_1_71' title='bbox 166 1111 239 1164; x_wconf 86' lang='lat' dir='ltr'><strong>etiam,</strong></span> <span class='ocrx_word' id='word_1_72' title='bbox 257 1111 316 1168; x_wconf 89' lang='lat' dir='ltr'><strong>quod</strong></span> <span class='ocrx_word' id='word_1_73' title='bbox 332 1110 430 1171; x_wconf 86' lang='lat' dir='ltr'><strong>prosperi</strong></span> <span class='ocrx_word' id='word_1_74' title='bbox 448 1110 550 1169; x_wconf 80' lang='lat' dir='ltr'><strong>quiddam</strong></span> <span class='ocrx_word' id='word_1_75' title='bbox 569 1125 583 1154; x_wconf 90' lang='lat' dir='ltr'><strong>e</strong></span> <span class='ocrx_word' id='word_1_76' title='bbox 600 1108 722 1170; x_wconf 78' lang='lat' dir='ltr'><strong>provinciis</strong></span> 
     </span>
     <span class='ocr_line' id='line_1_12' title="bbox 65 1172 721 1234; baseline 0 -16"><span class='ocrx_word' id='word_1_77' title='bbox 65 1174 195 1228; x_wconf 88' lang='lat' dir='ltr'><strong>nuntiatum,</strong></span> <span class='ocrx_word' id='word_1_78' title='bbox 206 1174 309 1234; x_wconf 87' lang='lat' dir='ltr'><strong>quodque</strong></span> <span class='ocrx_word' id='word_1_79' title='bbox 324 1182 413 1221; x_wconf 87' lang='lat' dir='ltr'><strong>senatus</strong></span> <span class='ocrx_word' id='word_1_80' title='bbox 426 1174 520 1220; x_wconf 87' lang='lat' dir='ltr'><strong>Galbam</strong></span> <span class='ocrx_word' id='word_1_81' title='bbox 535 1174 623 1219; x_wconf 88' lang='lat' dir='ltr'><strong>bostem</strong></span> <span class='ocrx_word' id='word_1_82' title='bbox 634 1172 721 1234; x_wconf 77' lang='lat' dir='ltr'><strong>junias·</strong></span> 
     </span>
     <span class='ocr_line' id='line_1_13' title="bbox 64 1237 723 1295; baseline 0 -13"><span class='ocrx_word' id='word_1_83' title='bbox 64 1245 134 1282; x_wconf 79' lang='lat' dir='ltr'><strong>verat</strong></span> <span class='ocrx_word' id='word_1_84' title='bbox 167 1237 267 1283; x_wconf 77' lang='lat' dir='ltr'><strong>Victoria</strong></span> <span class='ocrx_word' id='word_1_85' title='bbox 274 1238 348 1283; x_wconf 90' lang='lat' dir='ltr'><strong>statim</strong></span> <span class='ocrx_word' id='word_1_86' title='bbox 357 1239 457 1284; x_wconf 89' lang='lat' dir='ltr'><strong>cantibus</strong></span> <span class='ocrx_word' id='word_1_87' title='bbox 467 1245 491 1284; x_wconf 85' lang='lat' dir='ltr'><strong>et</strong></span> <span class='ocrx_word' id='word_1_88' title='bbox 498 1237 555 1283; x_wconf 86' lang='lat' dir='ltr'><strong>ludis</strong></span> <span class='ocrx_word' id='word_1_89' title='bbox 563 1241 723 1295; x_wconf 81' lang='lat' dir='ltr'><strong>anteoecupats</strong></span> 
     </span>
     <span class='ocr_line' id='line_1_14' title="bbox 64 1299 722 1362; baseline 0 -16"><span class='ocrx_word' id='word_1_90' title='bbox 64 1307 113 1356; x_wconf 75' lang='lat' dir='ltr'><strong>est3</strong></span> <span class='ocrx_word' id='word_1_91' title='bbox 129 1316 222 1362; x_wconf 79' lang='lat' dir='ltr'><strong>pemque</strong></span> <span class='ocrx_word' id='word_1_92' title='bbox 231 1302 317 1347; x_wconf 88' lang='lat' dir='ltr'><strong>insanae</strong></span> <span class='ocrx_word' id='word_1_93' title='bbox 327 1302 413 1348; x_wconf 81' lang='lat' dir='ltr'><strong>laetitiae</strong></span> <span class='ocrx_word' id='word_1_94' title='bbox 422 1301 464 1347; x_wconf 85' lang='lat' dir='ltr'><strong>suit</strong></span> <span class='ocrx_word' id='word_1_95' title='bbox 475 1301 550 1361; x_wconf 89' lang='lat' dir='ltr'><strong>templi</strong></span> <span class='ocrx_word' id='word_1_96' title='bbox 557 1300 649 1347; x_wconf 77' lang='lat' dir='ltr'><strong>Sabinae</strong></span> <span class='ocrx_word' id='word_1_97' title='bbox 660 1299 722 1361; x_wconf 84' lang='lat' dir='ltr'><strong>Pop·</strong></span> 
     </span>
     <span class='ocr_line' id='line_1_15' title="bbox 64 1363 723 1426; baseline -0.003 -15"><span class='ocrx_word' id='word_1_98' title='bbox 64 1379 120 1426; x_wconf 82' lang='lat' dir='ltr'><strong>paese</strong></span> <span class='ocrx_word' id='word_1_99' title='bbox 131 1365 244 1411; x_wconf 84' lang='lat' dir='ltr'><strong>dedicatio.</strong></span> <span class='ocrx_word' id='word_1_100' title='bbox 278 1366 358 1411; x_wconf 85' lang='lat' dir='ltr'><strong>Galbae</strong></span> <span class='ocrx_word' id='word_1_101' title='bbox 372 1367 436 1420; x_wconf 88' lang='lat' dir='ltr'><strong>bona,</strong></span> <span class='ocrx_word' id='word_1_102' title='bbox 448 1366 488 1411; x_wconf 92' lang='lat' dir='ltr'><strong>sub</strong></span> <span class='ocrx_word' id='word_1_103' title='bbox 503 1363 567 1411; x_wconf 80' lang='lat' dir='ltr'><strong>hasti</strong></span> <span class='ocrx_word' id='word_1_104' title='bbox 581 1364 723 1416; x_wconf 81' lang='lat' dir='ltr'><strong>venumdata,</strong></span> 
     </span>
     <span class='ocr_line' id='line_1_16' title="bbox 65 1425 723 1489; baseline 0 -15"><span class='ocrx_word' id='word_1_105' title='bbox 65 1429 89 1473; x_wconf 88' lang='lat' dir='ltr'><strong>in</strong></span> <span class='ocrx_word' id='word_1_106' title='bbox 106 1429 146 1475; x_wconf 87' lang='lat' dir='ltr'><strong>baa</strong></span> <span class='ocrx_word' id='word_1_107' title='bbox 155 1429 263 1475; x_wconf 74' lang='lat' dir='ltr'><strong>vanitates</strong></span> <span class='ocrx_word' id='word_1_108' title='bbox 277 1427 358 1476; x_wconf 67' lang='lat' dir='ltr'><strong>abiere.</strong></span> <span class='ocrx_word' id='word_1_109' title='bbox 389 1430 504 1477; x_wconf 88' lang='lat' dir='ltr'><strong>Gallorum</strong></span> <span class='ocrx_word' id='word_1_110' title='bbox 521 1443 575 1475; x_wconf 81' lang='lat' dir='ltr'><strong>uero</strong></span> <span class='ocrx_word' id='word_1_111' title='bbox 591 1443 652 1489; x_wconf 89' lang='lat' dir='ltr'><strong>opes,</strong></span> <span class='ocrx_word' id='word_1_112' title='bbox 662 1425 723 1488; x_wconf 87' lang='lat' dir='ltr'><strong>quod</strong></span> 
     </span>
     <span class='ocr_line' id='line_1_17' title="bbox 66 1493 615 1554; baseline 0 -16"><span class='ocrx_word' id='word_1_113' title='bbox 66 1493 165 1538; x_wconf 90' lang='lat' dir='ltr'><strong>nondum</strong></span> <span class='ocrx_word' id='word_1_114' title='bbox 176 1501 239 1539; x_wconf 88' lang='lat' dir='ltr'><strong>erant</strong></span> <span class='ocrx_word' id='word_1_115' title='bbox 250 1494 333 1548; x_wconf 88' lang='lat' dir='ltr'><strong>domiti,</strong></span> <span class='ocrx_word' id='word_1_116' title='bbox 345 1495 372 1539; x_wconf 92' lang='lat' dir='ltr'><strong>ad</strong></span> <span class='ocrx_word' id='word_1_117' title='bbox 382 1494 479 1554; x_wconf 82' lang='lat' dir='ltr'><strong>praedam</strong></span> <span class='ocrx_word' id='word_1_118' title='bbox 490 1497 615 1538; x_wconf 79' lang='lat' dir='ltr'><strong>reservatae.</strong></span> 
     </span>
    </p>

    <p class='ocr_par' dir='ltr' id='par_1_3' title="bbox 60 1554 726 2703">
     <span class='ocr_line' id='line_1_18' title="bbox 98 1554 721 1619; baseline -0.003 -17"><span class='ocrx_word' id='word_1_119' title='bbox 98 1554 170 1619; x_wconf 84' lang='lat' dir='ltr'><strong>[Haec</strong></span> <span class='ocrx_word' id='word_1_120' title='bbox 185 1556 289 1612; x_wconf 85' lang='lat' dir='ltr'><strong>Neronis,</strong></span> <span class='ocrx_word' id='word_1_121' title='bbox 298 1558 344 1602; x_wconf 87' lang='lat' dir='ltr'><strong>alia</strong></span> <span class='ocrx_word' id='word_1_122' title='bbox 357 1556 453 1603; x_wconf 81' lang='lat' dir='ltr'><strong>fortunae</strong></span> <span class='ocrx_word' id='word_1_123' title='bbox 464 1556 588 1603; x_wconf 81' lang='lat' dir='ltr'><strong>destinatio.</strong></span> <span class='ocrx_word' id='word_1_124' title='bbox 621 1554 663 1601; x_wconf 89' lang='lat' dir='ltr'><strong>Nil</strong></span> <span class='ocrx_word' id='word_1_125' title='bbox 672 1556 721 1615; x_wconf 79' lang='lat' dir='ltr'><strong>jam</strong></span> 
     </span>
     <span class='ocr_line' id='line_1_19' title="bbox 63 1618 722 1682; baseline -0.002 -16"><span class='ocrx_word' id='word_1_126' title='bbox 63 1620 89 1666; x_wconf 82' lang='lat' dir='ltr'><strong>in</strong></span> <span class='ocrx_word' id='word_1_127' title='bbox 100 1620 164 1666; x_wconf 83' lang='lat' dir='ltr'><strong>Urbe</strong></span> <span class='ocrx_word' id='word_1_128' title='bbox 174 1620 290 1680; x_wconf 86' lang='lat' dir='ltr'><strong>reliquum,</strong></span> <span class='ocrx_word' id='word_1_129' title='bbox 301 1621 342 1665; x_wconf 88' lang='lat' dir='ltr'><strong>nisi</strong></span> <span class='ocrx_word' id='word_1_130' title='bbox 357 1622 460 1682; x_wconf 88' lang='lat' dir='ltr'><strong>principis</strong></span> <span class='ocrx_word' id='word_1_131' title='bbox 470 1635 559 1667; x_wconf 90' lang='lat' dir='ltr'><strong>nomen.</strong></span> <span class='ocrx_word' id='word_1_132' title='bbox 583 1618 626 1665; x_wconf 83' lang='lat' dir='ltr'><strong>Vis</strong></span> <span class='ocrx_word' id='word_1_133' title='bbox 637 1618 722 1680; x_wconf 85' lang='lat' dir='ltr'><strong>imperii</strong></span> 
     </span>
     <span class='ocr_line' id='line_1_20' title="bbox 66 1683 723 1744; baseline -0.002 -14"><span class='ocrx_word' id='word_1_134' title='bbox 66 1685 90 1730; x_wconf 89' lang='lat' dir='ltr'><strong>in</strong></span> <span class='ocrx_word' id='word_1_135' title='bbox 102 1683 234 1744; x_wconf 87' lang='lat' dir='ltr'><strong>Hispaniam</strong></span> <span class='ocrx_word' id='word_1_136' title='bbox 249 1683 371 1730; x_wconf 86' lang='lat' dir='ltr'><strong>transierat</strong></span> <span class='ocrx_word' id='word_1_137' title='bbox 403 1685 475 1744; x_wconf 84' lang='lat' dir='ltr'><strong>Super</strong></span> <span class='ocrx_word' id='word_1_138' title='bbox 485 1691 584 1731; x_wconf 84' lang='lat' dir='ltr'><strong>veterem</strong></span> <span class='ocrx_word' id='word_1_139' title='bbox 599 1684 723 1729; x_wconf 86' lang='lat' dir='ltr'><strong>exercitum</strong></span> 
     </span>
     <span class='ocr_line' id='line_1_21' title="bbox 64 1746 723 1810; baseline 0 -18"><span class='ocrx_word' id='word_1_140' title='bbox 64 1763 134 1810; x_wconf 87' lang='lat' dir='ltr'><strong>penes</strong></span> <span class='ocrx_word' id='word_1_141' title='bbox 146 1748 240 1794; x_wconf 88' lang='lat' dir='ltr'><strong>Galbam</strong></span> <span class='ocrx_word' id='word_1_142' title='bbox 251 1747 341 1794; x_wconf 89' lang='lat' dir='ltr'><strong>aderant</strong></span> <span class='ocrx_word' id='word_1_143' title='bbox 349 1762 415 1793; x_wconf 83' lang='lat' dir='ltr'><strong>novae</strong></span> <span class='ocrx_word' id='word_1_144' title='bbox 424 1748 530 1808; x_wconf 81' lang='lat' dir='ltr'><strong>legiones,</strong></span> <span class='ocrx_word' id='word_1_145' title='bbox 538 1747 610 1794; x_wconf 80' lang='lat' dir='ltr'><strong>iorma</strong></span> <span class='ocrx_word' id='word_1_146' title='bbox 619 1746 723 1807; x_wconf 64' lang='lat' dir='ltr'><strong>quadam</strong></span> 
     </span>
     <span class='ocr_line' id='line_1_22' title="bbox 66 1810 723 1871; baseline 0 -14"><span class='ocrx_word' id='word_1_147' title='bbox 66 1810 163 1864; x_wconf 72' lang='lat' dir='ltr'><strong>senatis,</strong></span> <span class='ocrx_word' id='word_1_148' title='bbox 174 1819 197 1856; x_wconf 90' lang='lat' dir='ltr'><strong>et</strong></span> <span class='ocrx_word' id='word_1_149' title='bbox 208 1811 315 1871; x_wconf 87' lang='lat' dir='ltr'><strong>equestris</strong></span> <span class='ocrx_word' id='word_1_150' title='bbox 327 1812 411 1857; x_wconf 88' lang='lat' dir='ltr'><strong>ordinis</strong></span> <span class='ocrx_word' id='word_1_151' title='bbox 421 1812 526 1858; x_wconf 80' lang='lat' dir='ltr'><strong>excubiae.</strong></span> <span class='ocrx_word' id='word_1_152' title='bbox 559 1812 723 1858; x_wconf 80' lang='lat' dir='ltr'><strong>Auctoritatem</strong></span> 
     </span>
     <span class='ocr_line' id='line_1_23' title="bbox 65 1874 722 1938; baseline 0 -18"><span class='ocrx_word' id='word_1_153' title='bbox 65 1875 209 1921; x_wconf 88' lang='lat' dir='ltr'><strong>intendebant</strong></span> <span class='ocrx_word' id='word_1_154' title='bbox 219 1875 328 1936; x_wconf 88' lang='lat' dir='ltr'><strong>Hispanae</strong></span> <span class='ocrx_word' id='word_1_155' title='bbox 336 1874 434 1922; x_wconf 89' lang='lat' dir='ltr'><strong>Neronis</strong></span> <span class='ocrx_word' id='word_1_156' title='bbox 444 1876 603 1938; x_wconf 87' lang='lat' dir='ltr'><strong>possessiones,</strong></span> <span class='ocrx_word' id='word_1_157' title='bbox 613 1874 722 1923; x_wconf 83' lang='lat' dir='ltr'><strong>auctioni·</strong></span> 
     </span>
     <span class='ocr_line' id='line_1_24' title="bbox 64 1940 722 2002; baseline -0.002 -17"><span class='ocrx_word' id='word_1_158' title='bbox 64 1941 106 1986; x_wconf 92' lang='lat' dir='ltr'><strong>bus</strong></span> <span class='ocrx_word' id='word_1_159' title='bbox 122 1941 221 1986; x_wconf 68' lang='lat' dir='ltr'><strong>subdita„</strong></span> <span class='ocrx_word' id='word_1_160' title='bbox 254 1940 330 2000; x_wconf 86' lang='lat' dir='ltr'><strong>Majus</strong></span> <span class='ocrx_word' id='word_1_161' title='bbox 345 1941 416 1986; x_wconf 90' lang='lat' dir='ltr'><strong>adbuc</strong></span> <span class='ocrx_word' id='word_1_162' title='bbox 426 1942 533 2002; x_wconf 86' lang='lat' dir='ltr'><strong>potentiae</strong></span> <span class='ocrx_word' id='word_1_163' title='bbox 548 1942 722 1987; x_wconf 85' lang='lat' dir='ltr'><strong>instrumentum</strong></span> 
     </span>
     <span class='ocr_line' id='line_1_25' title="bbox 65 2003 722 2065; baseline -0.003 -16"><span class='ocrx_word' id='word_1_164' title='bbox 65 2005 159 2049; x_wconf 89' lang='lat' dir='ltr'><strong>accessit</strong></span> <span class='ocrx_word' id='word_1_165' title='bbox 179 2004 246 2059; x_wconf 88' lang='lat' dir='ltr'><strong>Otho,</strong></span> <span class='ocrx_word' id='word_1_166' title='bbox 265 2004 385 2065; x_wconf 83' lang='lat' dir='ltr'><strong>prouinciae</strong></span> <span class='ocrx_word' id='word_1_167' title='bbox 408 2003 530 2051; x_wconf 77' lang='lat' dir='ltr'><strong>Lusitaniae</strong></span> <span class='ocrx_word' id='word_1_168' title='bbox 550 2003 676 2065; x_wconf 84' lang='lat' dir='ltr'><strong>praefectus,</strong></span> <span class='ocrx_word' id='word_1_169' title='bbox 697 2003 722 2048; x_wconf 93' lang='lat' dir='ltr'><strong>in</strong></span> 
     </span>
     <span class='ocr_line' id='line_1_26' title="bbox 64 2067 721 2129; baseline 0 -16"><span class='ocrx_word' id='word_1_170' title='bbox 64 2078 139 2128; x_wconf 85' lang='lat' dir='ltr'><strong>partes</strong></span> <span class='ocrx_word' id='word_1_171' title='bbox 157 2067 236 2114; x_wconf 85' lang='lat' dir='ltr'><strong>Galbae</strong></span> <span class='ocrx_word' id='word_1_172' title='bbox 253 2075 316 2114; x_wconf 84' lang='lat' dir='ltr'><strong>tanto</strong></span> <span class='ocrx_word' id='word_1_173' title='bbox 330 2071 425 2129; x_wconf 87' lang='lat' dir='ltr'><strong>pronior,</strong></span> <span class='ocrx_word' id='word_1_174' title='bbox 444 2076 527 2128; x_wconf 88' lang='lat' dir='ltr'><strong>quanto</strong></span> <span class='ocrx_word' id='word_1_175' title='bbox 544 2069 572 2114; x_wconf 93' lang='lat' dir='ltr'><strong>ob</strong></span> <span class='ocrx_word' id='word_1_176' title='bbox 587 2068 669 2114; x_wconf 87' lang='lat' dir='ltr'><strong>veteris</strong></span> <span class='ocrx_word' id='word_1_177' title='bbox 686 2068 721 2113; x_wconf 89' lang='lat' dir='ltr'><strong>in·</strong></span> 
     </span>
     <span class='ocr_line' id='line_1_27' title="bbox 60 2131 723 2194; baseline 0 -18"><span class='ocrx_word' id='word_1_178' title='bbox 60 2132 129 2194; x_wconf 87' lang='lat' dir='ltr'><strong>juriae</strong></span> <span class='ocrx_word' id='word_1_179' title='bbox 136 2133 264 2178; x_wconf 87' lang='lat' dir='ltr'><strong>memoriam</strong></span> <span class='ocrx_word' id='word_1_180' title='bbox 273 2131 359 2178; x_wconf 89' lang='lat' dir='ltr'><strong>Neroni</strong></span> <span class='ocrx_word' id='word_1_181' title='bbox 368 2132 486 2179; x_wconf 83' lang='lat' dir='ltr'><strong>infensior:</strong></span> <span class='ocrx_word' id='word_1_182' title='bbox 506 2138 624 2194; x_wconf 86' lang='lat' dir='ltr'><strong>argentum</strong></span> <span class='ocrx_word' id='word_1_183' title='bbox 633 2145 723 2178; x_wconf 89' lang='lat' dir='ltr'><strong>aurum·</strong></span> 
     </span>
     <span class='ocr_line' id='line_1_28' title="bbox 66 2193 723 2257; baseline -0.002 -16"><span class='ocrx_word' id='word_1_184' title='bbox 66 2211 110 2256; x_wconf 89' lang='lat' dir='ltr'><strong>que</strong></span> <span class='ocrx_word' id='word_1_185' title='bbox 120 2196 229 2256; x_wconf 89' lang='lat' dir='ltr'><strong>privatum</strong></span> <span class='ocrx_word' id='word_1_186' title='bbox 241 2196 305 2241; x_wconf 89' lang='lat' dir='ltr'><strong>militi</strong></span> <span class='ocrx_word' id='word_1_187' title='bbox 315 2197 338 2240; x_wconf 87' lang='lat' dir='ltr'><strong>in</strong></span> <span class='ocrx_word' id='word_1_188' title='bbox 350 2196 481 2257; x_wconf 86' lang='lat' dir='ltr'><strong>stipendium</strong></span> <span class='ocrx_word' id='word_1_189' title='bbox 493 2196 552 2242; x_wconf 91' lang='lat' dir='ltr'><strong>ultro</strong></span> <span class='ocrx_word' id='word_1_190' title='bbox 562 2195 650 2242; x_wconf 87' lang='lat' dir='ltr'><strong>obtulit.</strong></span> <span class='ocrx_word' id='word_1_191' title='bbox 676 2193 723 2240; x_wconf 88' lang='lat' dir='ltr'><strong>Le·</strong></span> 
     </span>
     <span class='ocr_line' id='line_1_29' title="bbox 67 2259 724 2320; baseline -0.003 -15"><span class='ocrx_word' id='word_1_192' title='bbox 67 2268 170 2320; x_wconf 78' lang='lat' dir='ltr'><strong>gatorum</strong></span> <span class='ocrx_word' id='word_1_193' title='bbox 182 2261 286 2320; x_wconf 86' lang='lat' dir='ltr'><strong>plerique,</strong></span> <span class='ocrx_word' id='word_1_194' title='bbox 295 2262 420 2320; x_wconf 84' lang='lat' dir='ltr'><strong>exemplum</strong></span> <span class='ocrx_word' id='word_1_195' title='bbox 432 2261 508 2313; x_wconf 84' lang='lat' dir='ltr'><strong>secuti,</strong></span> <span class='ocrx_word' id='word_1_196' title='bbox 518 2259 590 2306; x_wconf 80' lang='lat' dir='ltr'><strong>favori</strong></span> <span class='ocrx_word' id='word_1_197' title='bbox 601 2273 724 2313; x_wconf 86' lang='lat' dir='ltr'><strong>occurrere,</strong></span> 
     </span>
     <span class='ocr_line' id='line_1_30' title="bbox 67 2322 724 2384; baseline -0.003 -14"><span class='ocrx_word' id='word_1_198' title='bbox 67 2331 106 2370; x_wconf 90' lang='lat' dir='ltr'><strong>aut</strong></span> <span class='ocrx_word' id='word_1_199' title='bbox 122 2324 256 2384; x_wconf 90' lang='lat' dir='ltr'><strong>proditarum</strong></span> <span class='ocrx_word' id='word_1_200' title='bbox 274 2323 376 2370; x_wconf 88' lang='lat' dir='ltr'><strong>Vindicis</strong></span> <span class='ocrx_word' id='word_1_201' title='bbox 394 2325 513 2378; x_wconf 78' lang='lat' dir='ltr'><strong>literarum,</strong></span> <span class='ocrx_word' id='word_1_202' title='bbox 529 2331 554 2368; x_wconf 93' lang='lat' dir='ltr'><strong>ut</strong></span> <span class='ocrx_word' id='word_1_203' title='bbox 570 2337 637 2384; x_wconf 90' lang='lat' dir='ltr'><strong>supra</strong></span> <span class='ocrx_word' id='word_1_204' title='bbox 652 2322 724 2376; x_wconf 88' lang='lat' dir='ltr'><strong>retuli,</strong></span> 
     </span>
     <span class='ocr_line' id='line_1_31' title="bbox 66 2385 725 2434; baseline -0.003 -1"><span class='ocrx_word' id='word_1_205' title='bbox 66 2388 194 2433; x_wconf 87' lang='lat' dir='ltr'><strong>memoriam</strong></span> <span class='ocrx_word' id='word_1_206' title='bbox 211 2388 327 2434; x_wconf 89' lang='lat' dir='ltr'><strong>obliterare</strong></span> <span class='ocrx_word' id='word_1_207' title='bbox 342 2388 475 2434; x_wconf 89' lang='lat' dir='ltr'><strong>nitebantur.</strong></span> <span class='ocrx_word' id='word_1_208' title='bbox 509 2385 578 2434; x_wconf 88' lang='lat' dir='ltr'><strong>Pauci</strong></span> <span class='ocrx_word' id='word_1_209' title='bbox 589 2386 682 2433; x_wconf 85' lang='lat' dir='ltr'><strong>diversis</strong></span> <span class='ocrx_word' id='word_1_210' title='bbox 697 2385 725 2431; x_wconf 91' lang='lat' dir='ltr'><strong>de</strong></span> 
     </span>
     <span class='ocr_line' id='line_1_32' title="bbox 68 2449 725 2512; baseline -0.006 -14"><span class='ocrx_word' id='word_1_211' title='bbox 68 2452 141 2498; x_wconf 88' lang='lat' dir='ltr'><strong>causis</strong></span> <span class='ocrx_word' id='word_1_212' title='bbox 157 2453 257 2512; x_wconf 85' lang='lat' dir='ltr'><strong>suspensi</strong></span> <span class='ocrx_word' id='word_1_213' title='bbox 273 2459 297 2496; x_wconf 90' lang='lat' dir='ltr'><strong>et</strong></span> <span class='ocrx_word' id='word_1_214' title='bbox 313 2452 399 2498; x_wconf 87' lang='lat' dir='ltr'><strong>incerti.</strong></span> <span class='ocrx_word' id='word_1_215' title='bbox 430 2450 522 2499; x_wconf 85' lang='lat' dir='ltr'><strong>Clodius</strong></span> <span class='ocrx_word' id='word_1_216' title='bbox 539 2451 625 2504; x_wconf 88' lang='lat' dir='ltr'><strong>Macer,</strong></span> <span class='ocrx_word' id='word_1_217' title='bbox 643 2449 725 2510; x_wconf 87' lang='lat' dir='ltr'><strong>rapinis</strong></span> 
     </span>
     <span class='ocr_line' id='line_1_33' title="bbox 67 2513 725 2576; baseline -0.003 -16"><span class='ocrx_word' id='word_1_218' title='bbox 67 2524 91 2561; x_wconf 93' lang='lat' dir='ltr'><strong>et</strong></span> <span class='ocrx_word' id='word_1_219' title='bbox 102 2515 198 2560; x_wconf 89' lang='lat' dir='ltr'><strong>caedibus</strong></span> <span class='ocrx_word' id='word_1_220' title='bbox 209 2517 232 2561; x_wconf 90' lang='lat' dir='ltr'><strong>in</strong></span> <span class='ocrx_word' id='word_1_221' title='bbox 243 2513 321 2561; x_wconf 75' lang='lat' dir='ltr'><strong>Africis</strong></span> <span class='ocrx_word' id='word_1_222' title='bbox 332 2522 439 2570; x_wconf 84' lang='lat' dir='ltr'><strong>assuetus,</strong></span> <span class='ocrx_word' id='word_1_223' title='bbox 449 2516 566 2576; x_wconf 87' lang='lat' dir='ltr'><strong>imperium</strong></span> <span class='ocrx_word' id='word_1_224' title='bbox 575 2528 647 2574; x_wconf 89' lang='lat' dir='ltr'><strong>neque</strong></span> <span class='ocrx_word' id='word_1_225' title='bbox 657 2528 725 2559; x_wconf 88' lang='lat' dir='ltr'><strong>occu·</strong></span> 
     </span>
     <span class='ocr_line' id='line_1_34' title="bbox 66 2577 726 2641; baseline -0.005 -16"><span class='ocrx_word' id='word_1_226' title='bbox 66 2594 125 2641; x_wconf 90' lang='lat' dir='ltr'><strong>pare,</strong></span> <span class='ocrx_word' id='word_1_227' title='bbox 137 2593 209 2637; x_wconf 87' lang='lat' dir='ltr'><strong>neque</strong></span> <span class='ocrx_word' id='word_1_228' title='bbox 219 2580 320 2624; x_wconf 90' lang='lat' dir='ltr'><strong>amittere</strong></span> <span class='ocrx_word' id='word_1_229' title='bbox 331 2580 428 2625; x_wconf 88' lang='lat' dir='ltr'><strong>volebat.</strong></span> <span class='ocrx_word' id='word_1_230' title='bbox 455 2578 483 2624; x_wconf 92' lang='lat' dir='ltr'><strong>In</strong></span> <span class='ocrx_word' id='word_1_231' title='bbox 496 2577 562 2639; x_wconf 82' lang='lat' dir='ltr'><strong>Syrib</strong></span> <span class='ocrx_word' id='word_1_232' title='bbox 573 2577 726 2638; x_wconf 81' lang='lat' dir='ltr'><strong>Vespasianus</strong></span> 
     </span>
     <span class='ocr_line' id='line_1_35' title="bbox 67 2640 726 2703; baseline -0.006 -14"><span class='ocrx_word' id='word_1_233' title='bbox 67 2642 156 2692; x_wconf 88' lang='lat' dir='ltr'><strong>Judai&#39;ci</strong></span> <span class='ocrx_word' id='word_1_234' title='bbox 174 2643 224 2688; x_wconf 89' lang='lat' dir='ltr'><strong>belli</strong></span> <span class='ocrx_word' id='word_1_235' title='bbox 236 2640 289 2688; x_wconf 75' lang='lat' dir='ltr'><strong>curi</strong></span> <span class='ocrx_word' id='word_1_236' title='bbox 305 2642 379 2689; x_wconf 87' lang='lat' dir='ltr'><strong>lentus</strong></span> <span class='ocrx_word' id='word_1_237' title='bbox 393 2644 462 2688; x_wconf 88' lang='lat' dir='ltr'><strong>videri</strong></span> <span class='ocrx_word' id='word_1_238' title='bbox 479 2643 598 2703; x_wconf 81' lang='lat' dir='ltr'><strong>satagebat,</strong></span> <span class='ocrx_word' id='word_1_239' title='bbox 608 2656 638 2687; x_wconf 88' lang='lat' dir='ltr'><strong>ne</strong></span> <span class='ocrx_word' id='word_1_240' title='bbox 654 2640 726 2686; x_wconf 81' lang='lat' dir='ltr'><strong>sortu-</strong></span> 
     </span>
    </p>
   </div>
   <div class='ocr_carea' id='block_1_3' title="bbox 56 2702 729 2967">
    <p class='ocr_par' dir='ltr' id='par_1_4' title="bbox 56 2702 729 2967">
     <span class='ocr_line' id='line_1_36' title="bbox 69 2702 726 2768; baseline -0.008 -15"><span class='ocrx_word' id='word_1_241' title='bbox 69 2722 121 2753; x_wconf 88' lang='lat' dir='ltr'><strong>nam</strong></span> <span class='ocrx_word' id='word_1_242' title='bbox 139 2705 280 2752; x_wconf 85' lang='lat' dir='ltr'><strong>festinatione</strong></span> <span class='ocrx_word' id='word_1_243' title='bbox 298 2714 454 2768; x_wconf 87' lang='lat' dir='ltr'><strong>corrumperet.</strong></span> <span class='ocrx_word' id='word_1_244' title='bbox 487 2706 600 2767; x_wconf 74' lang='lat' dir='ltr'><strong>legiones</strong></span> <span class='ocrx_word' id='word_1_245' title='bbox 616 2702 726 2750; x_wconf 85' lang='lat' dir='ltr'><strong>inferioris</strong></span> 
     </span>
     <span class='ocr_line' id='line_1_37' title="bbox 68 2767 727 2832; baseline -0.008 -15"><span class='ocrx_word' id='word_1_246' title='bbox 68 2771 197 2817; x_wconf 85' lang='lat' dir='ltr'><strong>Germaniae</strong></span> <span class='ocrx_word' id='word_1_247' title='bbox 210 2768 329 2816; x_wconf 90' lang='lat' dir='ltr'><strong>Fonteium</strong></span> <span class='ocrx_word' id='word_1_248' title='bbox 341 2770 472 2832; x_wconf 89' lang='lat' dir='ltr'><strong>Capitonem</strong></span> <span class='ocrx_word' id='word_1_249' title='bbox 485 2771 514 2816; x_wconf 92' lang='lat' dir='ltr'><strong>ad</strong></span> <span class='ocrx_word' id='word_1_250' title='bbox 524 2769 670 2816; x_wconf 81' lang='lat' dir='ltr'><strong>deiectionem</strong></span> <span class='ocrx_word' id='word_1_251' title='bbox 681 2767 727 2814; x_wconf 82' lang='lat' dir='ltr'><strong>sol-</strong></span> 
     </span>
     <span class='ocr_line' id='line_1_38' title="bbox 64 2831 727 2893; baseline -0.006 -13"><span class='ocrx_word' id='word_1_252' title='bbox 64 2834 186 2889; x_wconf 84' lang='lat' dir='ltr'><strong>licitabant,</strong></span> <span class='ocrx_word' id='word_1_253' title='bbox 210 2835 249 2881; x_wconf 87' lang='lat' dir='ltr'><strong>sed</strong></span> <span class='ocrx_word' id='word_1_254' title='bbox 275 2833 367 2883; x_wconf 76' lang='lat' dir='ltr'><strong>avarius</strong></span> <span class='ocrx_word' id='word_1_255' title='bbox 389 2835 529 2881; x_wconf 82' lang='lat' dir='ltr'><strong>retinebatur.</strong></span> <span class='ocrx_word' id='word_1_256' title='bbox 562 2831 591 2879; x_wconf 89' lang='lat' dir='ltr'><strong>In</strong></span> <span class='ocrx_word' id='word_1_257' title='bbox 615 2832 727 2893; x_wconf 81' lang='lat' dir='ltr'><strong>superiore</strong></span> 
     </span>
     <span class='ocr_line' id='line_1_39' title="bbox 56 2892 729 2967; baseline -0.012 -16"><span class='ocrx_word' id='word_1_258' title='bbox 56 2897 195 2959; x_wconf 77' lang='lat' dir='ltr'><strong>Germania,</strong></span> <span class='ocrx_word' id='word_1_259' title='bbox 208 2900 302 2959; x_wconf 87' lang='lat' dir='ltr'><strong>invicta,</strong></span> <span class='ocrx_word' id='word_1_260' title='bbox 312 2901 402 2967; x_wconf 85' lang='lat' dir='ltr'><strong>patriae,</strong></span> <span class='ocrx_word' id='word_1_261' title='bbox 411 2915 460 2948; x_wconf 90' lang='lat' dir='ltr'><strong>uon</strong></span> <span class='ocrx_word' id='word_1_262' title='bbox 465 2897 569 2946; x_wconf 61' lang='lat' dir='ltr'><strong>beronis</strong></span> <span class='ocrx_word' id='word_1_263' title='bbox 578 2892 729 2951; x_wconf 69' lang='lat' dir='ltr'><strong>studio,¹lsr·</strong></span> 
     </span>
    </p>
   </div>
   <div class='ocr_carea' id='block_1_4' title="bbox 0 0 848 3188">
    <p class='ocr_par' dir='ltr' id='par_1_5' title="bbox 0 0 848 3188">
     <span class='ocr_line' id='line_1_40' title="bbox 0 0 848 3188; baseline 0 0"><span class='ocrx_word' id='word_1_264' title='bbox 0 0 848 3188; x_wconf 95' lang='lat' dir='ltr'><strong> </strong></span> 
     </span>
    </p>
   </div>
  </div>
 </body>
</html>
