1680 3188
104 405 134 448 10
172 398 367 448 ANNALIUM
379 398 612 450 meltcsras
648 401 771 444 ηοω.

101 537 151 578 tum
162 529 269 586 infamiae,
286 531 460 594 sipellerentur.
494 531 557 586 Quin
568 531 678 594 arriperet
688 530 769 586 oblatu,

100 604 126 644 et
136 604 238 643 servaret
246 597 364 655 exsulem3
381 598 418 644 eui
430 598 492 659 inopi
503 605 587 658 quanto
595 597 722 660 longiorem
733 597 769 642 vi·

102 670 156 717 tam,
174 669 238 709 tanto
248 663 299 725 plus
310 663 412 725 supplicii
422 662 479 710 fore.
513 661 559 709 His
569 670 686 724 permotus
698 661 769 723 scrip·

103 728 133 774 sit
144 726 244 783 Eunoni,
253 729 361 776 meritum
372 728 462 789 quidem
472 728 596 775 novissima
604 727 708 790 exempla
719 726 769 773 Mi·

102 793 222 848 thridaten,
234 807 276 839 neo
287 794 329 840 sibi
340 794 387 840 vim
398 794 427 841 ad
437 793 604 854 exsequendum
616 794 708 841 deesse:
727 807 769 839 ve·

102 872 154 904 rum
170 858 204 904 ita
221 859 342 921 majoribus
362 858 478 921 placitum,
500 857 584 919 quanti
602 856 727 920 pervicacia
745 857 770 902 iu

102 924 198 979 hostem,
216 922 281 970 tanti
291 921 437 971 beneficentid
453 924 560 971 adversus
577 925 688 986 supplices
702 930 769 970 uten-

103 988 171 1035 dum:
191 1002 244 1035 nam
255 990 381 1052 triumphos
395 990 424 1036 de
439 988 529 1052 populis
543 991 664 1052 regnisque
674 988 771 1050 integris

146 1069 197 1100 um.

103 1068 211 1169 dchXI.
230 1118 337 1166 'Traditus
347 1125 399 1182 post
413 1119 463 1166 haec
475 1118 627 1174 Mithridates,
644 1125 769 1178 vectusque

104 1182 204 1231 Romam
220 1200 261 1247 per
276 1183 371 1233 Juuium
383 1182 494 1239 cilonem,
512 1192 679 1246 procuratorem
692 1183 769 1238 Ponti,

102 1248 207 1303 ferocius,
214 1265 281 1310 quum
289 1264 330 1312 pro
336 1248 433 1306 fortuni,
443 1250 574 1296 disseruisse
583 1250 643 1313 apud
652 1247 769 1297 Caesarem

102 1313 222 1360 serebatur.
243 1314 366 1381 *Eleisque
376 1330 422 1363 vox
434 1317 482 1376 ejus
495 1315 518 1361 in
532 1315 628 1378 vulgum
642 1316 705 1361 hisce
716 1329 769 1360 ver·

102 1379 156 1427 bisc
171 1379 248 1426 “Non
260 1394 310 1426 sum
322 1381 428 1427 remissus
439 1381 467 1426 ad
475 1388 505 1432 te,
514 1381 553 1426 sed
564 1394 680 1427 reversus:
696 1380 741 1437 vel,
749 1379 768 1426 si

102 1458 150 1491 non
161 1445 239 1501 credis,
250 1446 345 1502 dimitte,
357 1453 381 1493 et
391 1445 492 1506 quaere.”
514 1444 587 1492 Vultu
598 1461 686 1509 quoque
698 1446 769 1492 inter·

104 1510 147 1556 rito
163 1513 292 1572 permansit,
312 1527 371 1566 cum,
390 1509 476 1558 Rostra
486 1512 560 1572 juxta,
576 1512 706 1558 custodibus
724 1511 768 1556 oir-

103 1575 228 1633 eumdutus,
245 1570 304 1623 iisui
318 1577 402 1639 populo
411 1577 556 1643 preberetur.
588 1575 722 1625 Consularis
732 1577 769 1623 in-

105 1640 768 1769 ugqiqffloqqdqqqloqsqffisqsaqegxerqqqtqkrippim'

103 1785 131 1816 sc
143 1769 225 1818 Lollia
235 1771 330 1827 infensa,
347 1771 408 1833 quod
419 1786 496 1819 secum
511 1773 540 1818 de
551 1772 695 1818 matrimonio
706 1774 769 1834 prin·

104 1837 160 1897 cipis
171 1837 308 1890 cenavisset,
314 1836 412 1884 molitur
419 1838 512 1885 crimina
523 1844 547 1884 et
558 1845 717 1892 accusatorem,
729 1839 770 1898 qui

104 1901 210 1962 objiceret
222 1900 349 1958 Chaldaeos,
360 1918 447 1966 magos,
459 1904 667 1966 interrogatumque
679 1903 770 1964 Apolli·

103 1967 140 2011 nis
163 1963 233 2014 Clarii
255 1968 406 2029 simulacrum,
428 1984 495 2030 super
517 1969 601 2031 nuptiis
621 1970 770 2032 imperatoris·

104 2029 168 2077 Exin
186 2029 301 2089 Claudius,
318 2033 418 2081 inauditis
436 2033 481 2090 rei,
503 2036 575 2080 multa
591 2036 618 2081 dc
637 2034 771 2082 claritudine

104 2097 153 2157 ejus
164 2097 223 2159 apud
235 2109 336 2145 senatum
348 2099 462 2160 praefatus,
477 2115 554 2146 sorore
566 2099 595 2145 L.
602 2098 692 2146 Volusii
703 2101 769 2162 geni·

104 2168 158 2217 mm,
176 2165 283 2225 majorem
295 2165 316 2210 ei
327 2174 430 2226 patruum
442 2162 536 2212 Cottam
548 2163 698 2210 Messalinum
709 2180 768 2220 esse,

105 2224 219 2274 Memmio
234 2230 353 2288 ,quondam
375 2229 468 2292 Regulo
486 2236 595 2291 nuptam:
620 2243 672 2275 nam
692 2229 720 2276 de
740 2229 770 2278 C.

106 2289 204 2339 Caesaris
223 2294 307 2355 nuptiis
323 2295 426 2341 consulto
446 2296 566 2341 reticebat:
591 2293 674 2347 addidit
691 2295 769 2356 perui·

106 2357 168 2403 ciosa
184 2358 207 2404 in
222 2364 294 2421 remp.
311 2360 410 2414 consilia,
428 2366 451 2405 et
467 2361 584 2421 materiem
600 2359 678 2405 sceleri
695 2360 771 2407 detra·

106 2422 211 2469 hendsrn.
252 2423 329 2478 Proin,
350 2425 468 2486 publicatis
488 2424 560 2478 bonis,
582 2423 672 2471 cederet
694 2422 770 2472 ltalia

105 2483 143 2532 Ita
153 2489 302 2551 quinquagies
313 2490 447 2545 sestertidm‚
464 2503 493 2535 ex
504 2489 583 2551 opibus
592 2489 717 2544 immensis,
728 2505 769 2536 ex-

107 2552 149 2598 suli
166 2554 277 2600 relictum.
311 2554 344 2602 Et
356 2553 484 2616 Calpurnia,
501 2555 593 2601 illustris
609 2552 701 2612 femina,
717 2570 770 2618 per-

105 2617 208 2674 vertitur,
220 2620 272 2680 quia
281 2620 376 2666 somnam
384 2622 434 2682 eJ'us
444 2620 574 2666 laudaverat
584 2621 695 2682 princeps,
707 2618 771 2668 nulla

100 2681 200 2736 libidine,
218 2685 259 2730 sed
269 2684 363 2733 fortuito
378 2700 493 2731 sermone:
514 2685 573 2730 unde
584 2687 619 2732 vis
635 2684 771 2747 Agrippinae

88 2744 149 2790 eitra
162 2747 244 2795 ultimo
254 2751 328 2800 stetit.
363 2749 394 2799 In
407 2749 510 2799 Lolliam
523 2751 622 2797 mittitur
636 2751 749 2804 milsunus,
763 2765 780 2795 a

73 2815 126 2858 ⁹¹¹0
137 2809 171 2853 ad
178 2821 286 2863 mortem
300 2819 448 2884 adigeretur.
483 2817 625 2866 Damnatus
636 2821 667 2859 et
677 2814 737 2874 lege
750 2826 790 2856 ra-

51 2871 229 2925 petrariarum
243 2880 340 2936 Cadjug
351 2886 448 2946 Rufus,
462 2882 638 2934 accusantibus
646 2875 775 2936 Eiusque.

83 2925 205 2990 xxm
227 2946 520 3012 GalliaeNarbonensl,
540 2952 575 3000 ou
592 2942 721 3011 saraam
733 2938 814 2992 'W
