1680 3188
121 117 167 163 196
291 112 486 163 GERMANIA.
507 111 567 162 Cur.
578 117 617 161 25.

118 243 258 299 Deliberant,
271 245 324 290 duni
339 243 424 306 fingere
436 246 551 292 nesciunt:
572 245 720 301 constituunt,
732 245 783 291 dnm

116 323 191 355 errare
203 325 248 356 non
259 321 359 372 possunt

151 373 251 420 XXIII.
268 374 335 421 Potui
347 375 428 421 humor
438 390 467 422 ex
483 375 567 421 hordeo
577 380 617 420 aut
626 372 748 429 frumento,
759 374 784 421 in

117 440 237 499 quamdam
259 440 426 486 similitudmem
451 440 497 485 uini
523 447 647 500 corruptus
682 438 783 486 Proximi

117 505 173 564 ripae
184 511 208 550 et
218 504 296 550 vinum
308 511 441 550 mercantur.
475 502 525 551 Cibi
539 504 665 564 simplices:
685 504 782 565 agrestia

115 583 190 630 poma
202 584 280 615 recens
290 569 343 623 fera,
356 578 395 614 aut
405 569 439 615 lec
450 576 588 615 concretum.
620 569 676 615 Sine
689 582 781 630 apparo-

115 639 147 687 tu,
166 634 215 680 sine
231 634 393 688 blandimentis,
410 634 524 695 expellunt
540 633 631 679 famern.
664 633 782 679 Adversus

115 698 176 744 sitim
189 713 234 745 non
245 699 322 745 eadem
333 699 487 760 temperantia
510 697 535 744 si
545 697 664 744 indulseris
674 698 775 744 ebrietati

115 764 259 824 suggerendo
267 771 375 823 quantum
386 763 552 824 concupiscunt,
561 762 621 808 haud
630 763 708 808 minus
717 760 783 809 facile

114 828 182 879 sitim,
194 843 261 887 quem
272 828 348 885 armis,
359 829 484 874 vincentur.
780 848 783 859 ·

147 891 245 938 XXIV.
274 893 354 940 Genus
376 892 554 954 spectaculorum
576 907 647 939 unum
668 898 737 953 atque
756 891 780 937 in

116 957 179 1002 omni
195 969 257 1004 coetu
267 958 340 1004 idem:
360 959 414 1003 nudi
423 959 527 1020 juvenes,
539 958 618 1018 quilius
634 957 657 1003 id
672 957 780 1003 ludicrum

115 1028 157 1075 est,
169 1023 228 1068 Inter
242 1022 329 1083 gladios
340 1037 365 1068 se
379 1029 446 1082 atque
460 1021 552 1068 infestas
566 1023 663 1069 framem
676 1021 734 1068 saltu
744 1022 781 1083 js·

114 1087 184 1133 ciunt
217 1086 355 1134 Exercitatio
366 1095 436 1133 artem
446 1088 539 1149 paravit,
550 1103 587 1134 ars
597 1087 717 1135 decorem:
736 1100 781 1132 non

114 1151 139 1197 in
150 1158 261 1211 questum
272 1159 354 1207 tamen,
368 1160 407 1198 aut
420 1153 559 1199 mercedem:
579 1153 683 1214 quamvis
693 1151 782 1199 audacis

112 1215 212 1263 lescivlae
228 1217 324 1278 pretium
341 1223 376 1263 est
389 1217 493 1278 voluptas
511 1218 669 1279 spectantium.
700 1216 781 1263 arom

115 1281 188 1344 (quod
203 1279 295 1340 mitere)
308 1282 374 1327 sobrii
391 1283 449 1329 Inter
464 1282 521 1329 seria
536 1289 649 1337 exercent,
666 1278 731 1327 tanti
745 1280 780 1325 lu·

113 1347 190 1392 crundi
207 1347 342 1408 perdendive
360 1348 491 1401 temeritate,
507 1354 539 1401 ut,
555 1362 607 1393 cum
627 1346 705 1392 omnia
719 1343 780 1392 dete·

114 1418 200 1466 cerunt,
212 1418 313 1458 extremo
324 1427 350 1458 ac
361 1413 484 1458 novissimo
492 1413 556 1473 jactu
567 1413 595 1458 de
606 1412 710 1458 libertate
719 1416 744 1457 et
752 1409 781 1455 rb

114 1488 208 1536 corpore
218 1476 362 1522 contendant.
394 1475 475 1523 Victus
489 1476 636 1523 voluntariam
649 1476 781 1523 servitum

113 1539 173 1586 adit:
193 1541 294 1599 quamvis
308 1542 422 1600 juvenior,
439 1542 541 1601 quamvis
559 1542 679 1594 robustior,
695 1537 780 1601 illigari

114 1618 140 1650 se
150 1619 176 1650 ac
191 1605 268 1651 venire
278 1606 375 1665 patitur:
395 1621 421 1653 ea
432 1614 467 1652 est
481 1607 504 1651 in
520 1622 544 1652 re
553 1605 625 1667 praed
638 1603 777 1667 pervicacia:

112 1667 154 1730 ipsi
162 1668 230 1715 fldem
238 1678 328 1716 vocant
360 1670 443 1717 Servos
451 1672 584 1717 conditionis
591 1671 657 1733 hujus
667 1682 780 1731 percom-

113 1735 197 1779 mercia
203 1735 300 1788 tradunt
306 1744 331 1782 ut
338 1737 543 1797 sequoquepudore
549 1735 780 1782 uictoriaeexsolvant

145 1796 230 1846 XXV.
250 1798 346 1847 Caeteris
363 1801 439 1854 servii,
458 1816 512 1852 non,
527 1801 550 1846 io
568 1806 669 1846 nostrum
686 1812 780 1854 moron,

113 1862 230 1923 descriptis
246 1880 286 1925 per
303 1863 410 1911 tamillam
429 1866 567 1922 ministeriis,
586 1872 694 1911 utunturt
717 1876 779 1910 suam

112 1928 207 1988 quisque
223 1929 306 1983 sedem,
318 1944 371 1976 suos
384 1938 477 1992 penates
496 1931 561 1991 regit.
594 1928 714 1976 Frumenti
730 1943 779 1975 mo·

112 1992 166 2039 dum
178 1994 288 2048 dominus,
301 2001 339 2040 aut
353 1995 446 2056 pecoris,
459 2003 497 2041 aut
512 1995 589 2050 vestis,
601 2001 627 2041 ut
643 1994 732 2048 colono,
744 1993 779 2038 in·

106 2057 198 2119 jungit:
222 2066 245 2105 et
263 2074 341 2106 servus
360 2060 468 2106 hactenus
486 2067 557 2120 paret.
591 2056 682 2106 Caetera
700 2058 781 2104 demtis

111 2122 185 2170 officia
196 2138 254 2169 uxor
265 2138 291 2170 ac
301 2124 363 2170 liberi
375 2132 535 2184 exsequuntur·
551 2123 678 2171 Verberere
689 2137 780 2170 servum

111 2201 139 2233 ac
149 2189 247 2235 viriculis
262 2195 285 2233 et
300 2203 367 2248 opere
383 2189 494 2242 coiircem,
505 2204 587 2235 rerum.
620 2188 732 2236 Occidere
742 2203 780 2235 sc-

111 2251 165 2306 lent,
177 2269 224 2300 non
241 2252 358 2313 disciplinit
370 2261 393 2300 et
411 2255 535 2309 severitate,
548 2255 588 2300 sed
603 2253 689 2315 impetu
700 2259 725 2299 et
740 2250 779 2306 ἰή,

111 2323 138 2362 ut
148 2317 270 2372 inimicum,
282 2318 325 2363 nIsi
336 2319 396 2377 quod
407 2319 505 2379 impune.
539 2317 649 2364 Libertini
660 2332 708 2364 non
719 2317 778 2362 rnul-

110 2388 160 2427 tum
177 2398 243 2444 supra
259 2398 336 2429 servos
353 2389 412 2436 sunt,
425 2398 475 2429 raro
493 2383 583 2442 aliquod
598 2388 741 2428 momentum
755 2381 779 2426 ln

111 2444 186 2500 domo,
203 2462 316 2508 nunquam
335 2447 359 2492 in
376 2448 483 2504 civitate3
507 2448 607 2508 exceptis
625 2447 735 2493 duntaxat
752 2445 781 2491 iis

107 2511 223 2568 gentibus,
235 2528 286 2573 quae
297 2520 433 2575 regnantur:
454 2512 483 2558 ibi
492 2512 551 2558 enim
560 2520 584 2558 et
591 2526 657 2575 super
667 2511 781 2572 ingenuos

95 2579 126 2616 et
138 2587 211 2634 super
219 2579 309 2628 nobiles
323 2578 482 2629 adscendunt:
502 2576 563 2642 apud
575 2584 674 2627 tatem
682 2575 783 2639 'trunam

44 2668 65 2744 ι
77 2630 190 2689 &rium
197 2642 315 2700 libertatis
326 2656 500 2719 argumentum
513 2651 579 2699 sunt.
