1680 3188
122 156 168 203 114
201 153 391 203 ANNALIUM
403 153 640 202 maxucam.
667 159 785 201 U.C.a1s.

157 285 256 332 XXXI.
273 286 305 332 Et
314 286 432 347 digressus.
445 285 557 332 Pacorum
565 286 624 346 apud
635 285 727 340 Medos,
736 285 788 333 Vo-

124 352 217 412 logesen
233 351 355 397 Ecbatanis
371 351 458 412 reperit,
478 364 524 397 non
540 350 676 396 incuriosum
694 350 786 398 fratris:

124 417 205 478 quippe
221 422 244 461 et
259 415 353 477 propriis
369 416 453 462 nuntiis
469 429 482 461 a
498 413 626 462 Corbulone
635 415 739 476 petierat,
759 429 791 462 ne

124 495 191 543 quam
202 480 323 542 imaginem
335 481 419 527 servitii
429 479 542 526 'liridntcs
549 478 669 540 perferret:
689 495 734 525 neu
741 478 790 527 fer·

124 561 175 592 rum
192 546 295 598 traderet,
312 553 351 591 aut
366 543 484 606 complexu
499 544 625 605 prouincias
639 544 789 591 obtinentium

125 620 244 663 arceretur,
260 610 373 656 foribusve
389 624 466 655 eorum
482 608 609 654 assisteret:
631 614 752 669 tantusque
767 609 791 655 ei

126 674 216 728 Romae,
239 683 335 734 quantus
352 673 486 725 consulibus,
508 672 666 719 honorasset.
697 672 791 720 Scilicet

125 747 226 786 externae
244 739 352 800 superbiae
371 745 435 783 sueto
453 752 499 782 non
516 737 588 783 inerat
606 737 685 784 notitia
703 737 788 784 nostri:

125 806 182 866 apud
194 819 250 863 qnos
261 805 295 849 vis
306 803 392 864 imperii
401 802 468 855 valet,
484 802 559 847 inania
569 802 757 849 transmittuntur.
785 827 791 851 ;

158 865 271 914 XXXII.
288 867 376 913 Eodem
394 882 453 913 anno
474 864 552 914 Caesar
570 866 672 912 nationes
694 867 789 928 Alpium

126 931 286 978 maritimarum
301 933 324 977 iu
336 933 375 993 jus
390 929 450 976 Latii
464 930 584 978 transtulit.
616 930 725 991 Eqmtum
737 930 789 978 Ro·

126 1002 243 1042 manorum
255 996 318 1047 locos
329 996 432 1042 sedilibus
446 994 517 1057 plebis
532 996 658 1055 anteposuit
669 995 729 1057 apud
743 997 793 1042 cir·-

125 1076 191 1107 cum:
211 1056 307 1122 namque
322 1061 350 1106 ad
366 1075 415 1106 eam
432 1060 491 1106 diem
504 1060 617 1106 indiscreti
628 1060 720 1112 inibant,
737 1060 793 1120 quia·

125 1125 163 1172 lex
185 1124 270 1172 Roscia
292 1125 352 1179 nibil,
372 1125 414 1170 nisi
433 1125 461 1170 de
479 1125 646 1185 quatuordecim
665 1124 791 1182 ordinibus,

124 1191 206 1236 sanxit.
240 1190 370 1251 Spectacula
380 1190 528 1250 gladiatorum
544 1189 602 1235 idem
619 1204 692 1236 annus
706 1189 790 1244 babuit,

125 1255 174 1317 pari
191 1253 355 1316 magnificentia
371 1270 397 1300 ac
413 1256 498 1314 priora:
519 1254 559 1300 sed
575 1254 707 1302 seminarum
724 1253 790 1305 illus·

126 1320 194 1366 trium
206 1327 378 1379 senatorumque
388 1319 462 1380 plures
472 1334 512 1380 per
522 1334 612 1365 arenam
622 1317 773 1367 foerlatisuut.

128 1414 255 1477 U'C'fflg'
289 1381 794 1510 Codlddddcdilrrlreiffdigdddldlneddigdddldd

136 1479 195 1530 Μ·
205 1483 243 1528 ⁶⁵⁶
288 1512 352 1559 Nero
358 1480 503 1574 'promiscuas
521 1527 600 1558 scenas
615 1512 789 1573 frequentandi:

126 1578 254 1626 namadhuc
259 1593 300 1639 per
307 1578 405 1629 domum.
414 1586 453 1623 aut
459 1577 542 1632 hortas,
551 1578 667 1631 cecinerat,
675 1577 790 1638 juvenali·

124 1644 166 1691 bus
174 1643 239 1696 ludis,
245 1657 307 1703 quos,
317 1651 342 1688 ut
348 1657 425 1702 parum
434 1642 531 1688 celebres
538 1648 561 1688 et
568 1651 637 1688 tantae
645 1642 696 1689 voci
703 1657 790 1703 angus-

126 1716 170 1763 tos,
188 1709 310 1769 spernebat.
342 1706 396 1753 Non
408 1714 483 1752 umen
500 1705 697 1768 Romaeincipere
714 1722 790 1762 ausus,

126 1772 254 1834 Neapolim,
260 1771 321 1831 quasi
327 1773 432 1818 Graecam
442 1772 524 1823 urbem,
531 1770 628 1832 delegit:
642 1771 695 1817 inde
700 1771 792 1818 initium

124 1836 181 1891 fore,
197 1842 222 1882 ut
232 1845 385 1897 transgressus
397 1836 420 1882 in
431 1835 548 1889 Achaiam,
559 1835 704 1896 insignesque
714 1843 738 1883 et
748 1831 794 1884 an·J

126 1901 219 1962 tiquitus
230 1916 303 1948 sacras
319 1915 413 1947 coronas
426 1899 525 1961 adeptus,
542 1901 625 1960 majora
639 1899 701 1947 fami
717 1901 793 1951 studia

126 1968 209 2014 civium
220 1967 316 2013 eliceret.
348 1965 414 2026 Ergo
422 1972 561 2012 contractum
569 1965 728 2026 oppidanorum
738 1965 792 2015 vul!

127 2047 178 2094 gos,
189 2039 213 2077 et
220 2046 276 2092 quos
287 2031 415 2092 eproximis
426 2030 519 2077 c'olouiis
530 2037 553 2075 et
563 2029 689 2090 municipiis
700 2032 749 2093 ejus
758 2031 791 2078 rei

94 2148 97 2153 ,
125 2096 187 2143 fama
205 2096 304 2151 civerat;
326 2096 409 2156 quique
427 2093 541 2143 Caesarem
558 2109 598 2155 per
615 2095 731 2149 bonorem,
751 2103 793 2146 aut

124 2162 199 2208 varios
211 2176 264 2207 usus
275 2167 395 2214 sectantur,
411 2161 478 2206 etiam
489 2159 585 2205 militum
595 2159 709 2220 manipuli,
726 2161 791 2207 thea-

125 2232 185 2272 trum
197 2225 396 2285 Neapolitanorum
407 2225 528 2285 complent.

160 2288 284 2336 XXXIV.
302 2288 357 2344 Illic,
365 2290 464 2351 plerique
472 2297 497 2335 ut
505 2289 672 2342 arbitrabantur,
680 2288 753 2346 triste,
765 2295 793 2336 ut

123 2354 179 2416 ipse,
188 2355 310 2416 providum
316 2355 392 2417 potius
403 2361 427 2400 et
437 2353 539 2401 secundis
553 2353 687 2407 numinibus,
699 2354 787 2400 evenit:

111 2433 168 2464 nam
185 2436 289 2483 egresso,
306 2422 345 2484 qai
357 2419 470 2476 adfuerat,
481 2418 575 2484 populo,
591 2432 693 2464 uacuum
706 2424 732 2461 et
745 2418 799 2462 iane

98 2481 172 2528 ullius
195 2487 267 2545 noxa,
294 2484 413 2538 theatrum
439 2489 572 2552 collapsum
593 2489 640 2532 est.
667 2480 750 2537 Eram
767 2493 812 2550 us}

86 2554 243 2608 ⁶0⁰²1’osuos
262 2565 361 2616 cantus,
382 2565 471 2624 grates
486 2556 534 2605 diis
553 2548 714 2613 acqueipsam
725 2548 831 2610 ‘mxl‘

71 2609 149 2683 ⁰⁸f⁰⁸
160 2616 295 2675 fortunam
308 2627 456 2684 celebrans,
468 2625 646 2692 petiturusque
650 2609 728 2656 mar'rs
733 2599 832 2678 &banasa

56 2673 193 2744 trqlectust
218 2694 292 2755 „pud
312 2694 509 2751 Beneuentum
531 2685 642 2756 mmm
660 2665 794 2724 conscillis
811 2673 832 2712 §t
