1680 3188
100 438 148 484 222
204 432 228 483 J.
239 431 427 483 AGRICOLAE
438 430 530 482 VITA.
551 430 662 482 Cunsso.

104 564 210 613 laurentis
220 564 311 625 quidem
319 571 386 674 perta
395 571 526 627 prosecutus
536 569 583 611 est:
600 564 641 610 sed
650 561 700 626 ipsi
707 564 771 612 dissi·

105 630 230 677 mutatione
239 628 306 676 fsmae
329 645 402 679 amam
418 630 487 683 nuxit,
504 629 673 685 estimantibus,
687 628 772 689 quanti
795 684 798 692 Ι

107 694 177 741 futuri
188 709 228 756 spe
238 702 284 740 tam
295 708 378 756 magna
387 694 500 741 tacuisset.
766 730 769 735 .

140 757 214 805 xlx.
231 756 345 806 Caeterum
355 759 481 805 animorum
491 757 613 819 provinciae
622 756 729 819 prudens,
741 758 771 805 si·

51 832 55 839 ’
107 823 199 884 mulque
209 823 288 869 doctus
299 838 338 884 per
348 823 420 870 aliena
429 823 589 884 experimenta,
602 836 681 884 parurn
695 820 771 884 profici

108 888 183 941 armis,
195 888 214 933 si
224 888 311 950 injuriae
321 894 473 947 sequerentur,
487 901 565 933 musas
575 886 685 933 beliorum
695 886 773 933 statuit

108 953 219 1000 excidere.
248 950 272 998 A
283 967 308 998 se
318 952 409 1012 suisque
419 966 491 1005 orsus,
500 951 595 1012 primam
605 951 699 998 domum
709 965 772 997 surm

109 1016 222 1072 coercuit3
245 1016 306 1076 quod
321 1016 432 1077 plerisque
449 1016 508 1062 baud
526 1015 602 1062 minus
619 1015 715 1063 arduum
730 1022 770 1069 est,

108 1096 176 1142 quam
192 1081 330 1143 provinciam
345 1096 431 1144 regere.
463 1080 541 1143 Agere
556 1079 613 1127 nihil
627 1094 668 1141 per
680 1080 771 1127 libertos

109 1161 231 1206 servosque
244 1145 339 1206 publicae
353 1147 398 1192 rei:
418 1160 464 1192 non
479 1145 558 1192 studiis
571 1145 671 1206 privatin,
687 1157 771 1205 neo-ex

108 1210 309 1264 commendatione,
320 1216 360 1257 aut
369 1211 470 1272 precibus
480 1210 635 1257 centurionum
644 1208 728 1256 milites
734 1222 771 1255 so·

109 1276 162 1329 cire,
184 1275 224 1320 sed
245 1275 354 1336 optimum
375 1289 487 1335 quemque
504 1273 658 1320 fidelissimum
677 1279 768 1334 putores

108 1339 185 1386 omnia
195 1339 258 1393 scire,
274 1355 319 1385 non
330 1339 406 1385 omnin
416 1338 520 1399 exsequis
539 1339 614 1398 parvis
623 1338 722 1400 peceatis
732 1352 771 1385 re·

107 1403 176 1457 nhm,
198 1403 286 1464 magnis
304 1403 444 1448 severitatem
463 1402 619 1447 commodare:
645 1417 687 1448 nec
705 1398 772 1463 praui

107 1481 202 1529 semper,
218 1467 257 1513 sed
272 1466 354 1526 saepius
366 1462 499 1527 poenitentii
510 1471 631 1511 contentus
641 1480 703 1513 esses
721 1464 771 1513 offi-

107 1531 149 1578 ciis
160 1538 183 1577 et
193 1530 418 1577 administrationibus
429 1530 503 1590 potius
514 1544 560 1576 non
570 1536 704 1590 peccaturos
713 1543 771 1592 pro·

106 1610 198 1658 ponere,
214 1610 280 1655 quum
295 1595 407 1648 damnare,
421 1609 472 1640 cum
483 1593 621 1656 peccdssent.
655 1592 772 1641 Frumenti

107 1667 132 1707 et
143 1660 274 1707 tributorum
286 1659 426 1705 exactionem
437 1659 565 1719 equalitate
579 1674 698 1705 munerum
713 1659 770 1706 moi·

107 1723 156 1778 lire,
171 1724 314 1777 circumcisis,
328 1738 386 1784 quae,
403 1724 426 1769 in
439 1731 550 1784 quaestum
561 1734 656 1785 reperta,
670 1725 721 1785 ipao
731 1724 771 1771 tri·

108 1788 163 1835 buto
174 1789 265 1849 gravius
277 1788 434 1835 tolerabantur:
452 1802 548 1848 namque
558 1803 598 1850 per
607 1788 727 1834 ludibrium
735 1802 772 1835 ss·

107 1851 181 1898 sidere
197 1852 278 1898 clausis
294 1853 385 1908 horreis,
402 1860 425 1899 et
441 1867 515 1899 emere
532 1852 591 1899 ultro
608 1851 729 1907 frumenta,
745 1867 771 1901 sc

107 1916 207 1963 vendere
217 1917 288 1977 pretio
299 1918 448 1978 cogebantur:
467 1917 563 1963 divortia
572 1917 678 1964 itinerum
689 1925 714 1965 et
721 1918 770 1965 lon·

106 1981 221 2042 ginquitas
234 1981 351 2042 regionum
365 1982 508 2036 indicebatur,
525 1990 551 2028 ut
565 1982 667 2030 civitates
678 1998 693 2029 a
702 1995 769 2044 prox·

106 2044 160 2090 imis
170 2045 267 2091 hibernis
278 2046 300 2091 in
312 2052 398 2092 remota
407 2053 430 2092 et
439 2047 489 2094 avia
497 2045 611 2101 referrent,
622 2048 702 2102 donec,
710 2041 771 2107 quod

107 2109 212 2157 omnibus
222 2110 245 2154 in
256 2115 345 2170 promtu
356 2117 409 2163 erat,
421 2112 497 2171 paucis
507 2112 620 2157 lucrosum
631 2110 703 2158 tieret.

139 2172 198 2218 XX.
216 2171 275 2220 Haec
285 2174 357 2234 primo
368 2175 442 2220 statim
454 2190 514 2221 anno
522 2174 697 2235 comprimendo,
706 2176 770 2236 egre}

105 2237 168 2300 giam
182 2236 264 2285 famam
279 2239 328 2300 paci
343 2238 501 2286 circumdedit:
523 2253 574 2300 quse
589 2239 626 2285 vel
638 2238 725 2286 incurii
735 2238 771 2284 vei

104 2300 225 2359 tolerantii
240 2303 344 2363 priorum,
361 2303 420 2350 haud
436 2305 510 2350 minus
525 2318 592 2364 quum
606 2303 690 2350 bellum
705 2304 771 2350 time·

104 2365 177 2413 batur.
211 2366 263 2420 Sed.
279 2368 317 2413 ubi
334 2376 401 2415 aestus
418 2367 514 2422 advenit,
531 2374 648 2414 contracto
664 2368 771 2422 exercitu,

104 2430 202 2477 militum
217 2431 240 2475 in
255 2431 345 2492 agmine
358 2432 448 2479 laudare
462 2433 602 2487 modestiam,
614 2432 722 2495 disiectos
732 2447 771 2479 co·

104 2493 194 2541 iircere:
217 2495 267 2541 loca
281 2497 360 2542 castris
374 2497 420 2557 ipse
434 2512 526 2559 capere:
548 2498 652 2544 aestuaria
665 2512 692 2544 ac
704 2497 771 2544 silvas

104 2559 154 2620 ipse
165 2566 309 2621 praetentare:
327 2568 350 2607 et
361 2562 415 2609 nihil
423 2562 511 2608 interim
519 2561 577 2623 apud
585 2562 662 2608 hostes
669 2563 770 2622 quietum

104 2623 158 2684 pati,
174 2625 307 2684 quominus
322 2626 400 2673 subitis
413 2627 543 2673 excursibus
555 2626 714 2688 popularetur:
736 2631 774 2687 at·-

104 2702 156 2747 que,
172 2688 208 2734 ubi
220 2689 274 2735 satis
288 2697 403 2745 terruerat,
416 2691 527 2751 parcendo
542 2705 619 2737 rursus
632 2691 771 2737 irritamenta

100 2751 166 2826 papis
177 2759 298 2830 osteptare.
330 2754 418 2810 Quibus
428 2756 493 2802 rebus
503 2755 581 2802 multae
594 2755 703 2830 cipitntes,
718 2766 770 2815 qun
