1680 3188
69 165 92 207 1.
100 159 168 205 c-bd·
212 156 659 208 ANNALIUMmev.crr.aa
691 162 737 208 11⁵

73 291 227 355 gladiatorum
238 306 321 338 munus
329 306 343 338 a
350 289 443 337 Vatinio
453 291 541 338 celebre
547 290 660 338 edebatur.
693 289 741 336 Va·

75 358 146 404 tinius
155 357 218 404 inter
227 355 351 403 foedissima
360 357 409 418 ejus
419 355 477 402 aulae
488 362 576 402 ostenta
584 354 634 410 fuit,
650 355 743 402 sutrinae

75 422 177 469 tabernae
193 421 306 474 alumnus,
322 436 415 482 corpore
430 421 524 474 detorto,
540 420 627 467 facetiis
644 419 742 466 scurrili·

76 486 135 544 bas;
151 486 227 548 primo
238 486 262 531 in
273 485 419 532 contumelias
430 494 555 540 assumtum
574 484 653 530 deinde
664 484 742 545 optimi

76 551 186 613 cujusque
197 550 354 596 criminatione
364 565 392 595 eo
402 565 474 610 usque
484 549 560 604 valuit,
576 558 601 595 ut
611 548 689 610 gratii,
702 564 742 610 pe·

74 615 151 669 cunia,
167 615 191 660 vi
202 614 298 661 nocendi
308 614 375 660 etiam
385 615 456 661 malos
466 615 616 676 praemineret.

110 678 224 726 XXXV.
246 678 304 741 Ejus
325 693 407 725 munus
428 678 576 739 frequentanti
598 677 692 732 Neroni,
715 693 745 725 ne

76 744 139 791 inter
147 744 276 805 voluptates
285 743 374 804 quidem
386 759 399 789 a
410 744 529 789 sceleribus
539 743 673 789 cessabatur.
699 740 743 789 lis·

77 810 130 857 dem
141 809 225 870 quippe
235 808 280 854 illis
293 809 370 854 diebus
381 806 509 868 Torquatus
524 807 613 854 Silanus
628 808 685 853 mori
697 807 744 853 adi·

56 870 149 936 'gitur
169 872 229 933 quia,
248 887 315 934 super
327 870 405 919 Juniae
422 871 513 918 familiae
531 871 691 927 claritudinem,
711 870 745 918 D.

78 938 213 1000 Augustum
227 947 317 984 atavum
333 935 425 983 ferebat.
454 935 518 984 Jussi
533 944 673 983 accusatores
689 938 745 999 obji-

76 1018 137 1056 tere,
150 1001 270 1064 prodigum
280 1002 442 1062 largitionibus,
453 1001 598 1061 nequealiam
607 1016 669 1062 spem
677 1016 745 1061 qaam

78 1067 104 1114 in
114 1067 183 1113 novis
193 1067 259 1119 rebus
269 1081 332 1113 esse:
352 1067 405 1126 quin
416 1080 468 1112 eum
479 1066 581 1112 homines
591 1066 678 1118 habere,
689 1080 746 1126 quos

79 1132 108 1179 sb
118 1131 220 1193 epistolis
231 1139 254 1178 et
269 1131 349 1178 libellis
364 1138 387 1178 et
403 1131 526 1177 rationibus
536 1130 638 1191 appellet,
654 1130 746 1176 nomina

79 1211 177 1243 summae
189 1211 249 1243 curae
260 1202 284 1243 et
294 1195 459 1242 meditamenta
485 1194 545 1240 Turn
553 1195 645 1239 intimus
653 1195 746 1254 quisque

79 1261 212 1307 libertorum
223 1262 292 1307 vincti
304 1262 438 1321 abreptique.
469 1259 508 1313 Et,
524 1274 575 1304 cum
586 1259 699 1305 damnatio
710 1259 745 1304 in-

80 1333 160 1382 staret,
177 1326 317 1372 brachiorum
334 1340 403 1372 venas
419 1323 548 1384 Torquatus
563 1322 692 1377 interscidit,
710 1337 746 1368 se-

80 1397 180 1450 cutaque
191 1389 292 1437 Neronis
303 1390 373 1436 oratio
382 1403 411 1436 ex
418 1404 492 1434 more:
512 1389 612 1449 quamvis
624 1394 711 1434 sontem
723 1393 747 1433 et

79 1454 207 1502 defensioni
218 1456 299 1501 merito
310 1454 412 1509 diffisum,
429 1455 541 1500 victurum
552 1461 626 1500 tamen
636 1451 712 1508 fuisse,
728 1453 747 1499 si

81 1520 315 1582 clementiamjudicis
326 1516 485 1582 exspectasset.

115 1582 242 1631 XXXVI.
262 1583 313 1630 Nec
332 1585 404 1631 multo
423 1590 480 1644 post,
503 1581 586 1629 omissi
604 1583 627 1628 in
646 1595 746 1643 praesens

83 1647 180 1703 Achata
193 1649 279 1711 (causae
287 1649 310 1694 in
322 1650 407 1696 incerto
414 1645 487 1708 suere)
495 1646 579 1694 Urbem
587 1647 677 1704 revisit;
695 1662 747 1708 pro·

81 1714 170 1761 vincias
182 1713 290 1770 Orientis,
306 1715 404 1761 maxime
417 1712 548 1774 AEgyptum,
565 1713 656 1758 secretis
666 1712 746 1772 imagi·

76 1779 212 1828 nationibus
227 1779 321 1839 agitans.
355 1778 446 1824 Dehinc
460 1777 533 1824 edicto
548 1776 684 1829 testificatus,
702 1790 747 1822 non

81 1844 177 1905 longam
189 1845 225 1889 sui
235 1844 364 1897 absentiam,
376 1850 399 1889 et
409 1850 490 1889 cuncta
501 1843 524 1887 in
535 1839 646 1902 republicis
656 1840 748 1903 perinde

81 1907 180 1955 immota
190 1922 217 1954 ao
227 1923 332 1969 prospera
342 1907 406 1963 fore;
423 1922 490 1968 super
506 1904 533 1952 ed
547 1905 685 1967 profectione
695 1904 750 1951 adiit

78 1971 231 2034 ‚Capitolium
264 1970 315 2018 Illic
326 1979 446 2019 veneratus
461 1972 521 2024 deos,
538 1982 590 2016 cum
601 1969 680 2016 Vestae
691 1984 748 2029 quo·

79 2052 129 2098 que
139 2037 248 2098 templum
259 2034 344 2090 inisset,
361 2045 452 2098 repente
462 2042 556 2082 cunctos
571 2049 611 2096 per
627 2041 687 2080 ortus
703 2043 748 2080 tre·

83 2116 157 2156 mens,
169 2117 209 2147 seu
221 2102 313 2147 numine
320 2108 452 2154 exterrente,
464 2115 504 2145 seu
513 2098 637 2145 facinorum
646 2098 748 2144 recordar-

82 2166 147 2213 tione
167 2180 280 2226 nunquam
298 2167 380 2212 timore
398 2179 489 2217 vacuus,
512 2163 609 2210 deseruit
627 2163 748 2223 inceptum,

82 2239 178 2277 cunctas
195 2231 236 2276 sibi
253 2246 317 2277 cums
336 2245 412 2276 amore
431 2230 509 2291 patriae
526 2228 622 2274 leviores
637 2227 749 2275 dictitans.

84 2294 179 2342 Vidisse
189 2295 272 2340 civium
282 2303 378 2341 moestos
389 2294 473 2351 vultus,
484 2293 560 2339 audire
570 2299 667 2339 secretos
675 2291 750 2351 queri.

83 2360 179 2414 monins,
197 2361 257 2419 quod
276 2367 363 2405 tantum
381 2359 481 2406 aditurus
495 2365 556 2405 esset
573 2358 622 2411 iter,
640 2357 704 2418 cujus
722 2370 751 2402 ne

83 2425 187 2472 modicos
198 2425 289 2483 quidem
299 2440 404 2486 egressus
420 2425 546 2475 tolerarent,
564 2422 620 2469 sueti
632 2421 750 2468 adversum

82 2487 179 2536 fortuita
189 2490 295 2549 adspectu
306 2490 410 2551 principis
421 2488 524 2535 refoveri.
553 2487 624 2549 Ergo,
637 2493 662 2533 ut
672 2486 696 2532 in
704 2486 749 2549 pri·

76 2554 142 2626 ,vans
151 2554 356 2603 necessitudinibus
370 2555 474 2620 proxima
487 2553 587 2618 qignora
597 2551 760 2617 manderent,

69 2621 103 2660 rta
113 2617 227 2676 populum
239 2618 379 2672 Romanum
389 2624 442 2673 uim
452 2623 580 2690 plurimam
585 2622 684 2676 naturam,
689 2630 777 2681 qartu-

60 2675 167 2749 dumque
182 2685 306 2740 retinenti,
346 2692 415 2745 Haec
435 2702 511 2761 atque
528 2693 591 2747 talia
604 2688 675 2761 §belii
685 2679 801 2749 nobffnb*
