1680 3188
187 115 237 187 Dii
249 115 477 171 ORATORIBUS.
500 117 592 169 Gaui·
672 124 720 169 245

62 250 109 304 aua,
120 254 161 296 aut
169 248 297 296 amicorum
306 248 433 297 discrimina
443 249 607 298 commendent.
640 249 730 298 Ullaue

63 321 126 364 touta
136 313 262 376 ingentium
277 327 344 376 opum
355 328 381 362 ac
391 329 483 378 maguae
497 315 603 378 potentiae
615 315 726 376 voluptati

63 394 132 441 quum
151 384 251 440 spectare
269 379 371 428 homines
388 385 476 427 veteres
494 387 517 426 et
533 395 597 426 aenea
616 387 639 426 et
657 380 727 427 todo·

65 445 137 492 Urbis
143 442 215 505 grutid
223 441 458 499 aubmxoeinoummd
465 445 565 492 omnium
572 459 645 491 rerum
654 445 725 491 abuu-

66 506 147 563 danfid,
159 506 297 564 confitenter,
308 509 332 555 id
345 509 405 569 quod
419 510 528 571 optimum
544 509 578 564 uit,
591 525 615 556 ae
626 524 671 556 uon
687 509 728 555 ha·

64 572 134 621 bere?
150 571 203 620 Jam
216 587 276 626 vero,
287 573 325 633 qui
335 580 463 636 togatorum
479 574 597 620 comitatus
610 580 727 636 etegrea·

65 637 118 686 aua!
136 651 188 698 quae
199 637 223 683 in
230 637 324 705 Ipublico
340 637 437 700 aperies!
455 653 506 699 quae
516 639 540 684 iu
551 639 642 700 judiciis
657 653 727 687 vene·

65 701 136 750 ratio!
155 701 215 762 quod
225 701 331 763 gaudium
340 703 489 766 consurgendi
500 702 660 764 moiateudique
669 705 729 750 iuter

68 772 176 819 tacentes,
187 767 211 811 in
223 780 292 812 unum
303 782 439 826 corretion
456 769 516 815 coire
526 769 639 830 populum,
650 775 674 815 et
684 770 729 815 cir·

65 831 183 878 cumfuudi
197 845 309 887 coronam,
321 839 344 879 et
358 833 458 898 accipere
472 833 584 890 affectum,
600 847 729 894 quemcum-

67 911 113 957 que
128 903 204 942 orator
220 895 329 945 induerit!
348 895 449 960 Vulgata
467 898 586 945 dicentium
603 898 689 959 gaudia
706 900 731 943 et

42 1001 44 1008 s
65 961 220 1022 imperitorum
229 976 318 1021 quoque
326 961 396 1009 oculis
407 963 513 1024 exposita,
523 977 650 1024 percenseo.
685 958 729 1007 Illa

67 1025 195 1082 secretiora,
216 1031 239 1072 et
258 1032 346 1072 tautum
365 1027 419 1088 ipsiu
436 1027 550 1074 orantibus
568 1035 627 1081 nota,
647 1027 730 1086 maj0ra

66 1097 128 1138 aaut
161 1089 215 1136 Sive
233 1098 359 1138 accuratam
376 1091 548 1151 meditatamque
567 1091 631 1136 uideat
647 1089 730 1137 oratio·

68 1169 136 1211 nem;
152 1161 188 1200 est
201 1155 313 1216 quoddam
325 1158 383 1202 sicut
396 1156 466 1218 ipaiua
481 1155 591 1210 dictionis,
603 1156 634 1200 ita
647 1153 730 1216 gaudii,

68 1219 335 1282 ponduaetcouatuntia:
355 1221 403 1266 aire
410 1234 493 1268 novam
504 1225 528 1268 et
534 1225 646 1266 recentem
654 1232 731 1264 curam

68 1299 115 1331 nou
135 1284 184 1330 siue
202 1283 276 1346 aliqud
297 1285 443 1346 trepidatione
464 1285 532 1332 animi
551 1284 664 1341 attulerlt3
684 1283 733 1344 ipsa

68 1349 196 1396 sollicitudo
212 1349 480 1405 commendamentum,
496 1356 520 1396 et
537 1349 676 1394 lenocinetur
690 1363 733 1394 vo-

69 1413 157 1475 luptati.
189 1413 235 1460 sed
251 1414 408 1474 extemporalis
418 1414 517 1461 audaciae
532 1424 599 1474 atque
613 1412 682 1476 ipuiua
698 1419 732 1458 te·

69 1478 180 1524 meritatie
193 1477 232 1524 vel
246 1479 358 1541 praecipua
368 1478 498 1540 jucunditas
508 1485 550 1525 eat.
581 1477 642 1524 Nam
657 1477 681 1523 in
697 1477 734 1523 iu·

70 1543 139 1604 genio
155 1557 250 1604 quoque,
262 1545 319 1589 sicut
329 1544 353 1588 in
370 1557 431 1605 agro,
442 1552 575 1603 quamquam
591 1542 633 1588 ulia
644 1543 681 1588 diu
697 1547 735 1589 ae·

70 1613 148 1654 rautur
165 1613 231 1667 atque
250 1608 397 1663 elaberentur,
414 1607 514 1670 gratiora
527 1616 609 1663 tamen,
629 1622 680 1668 quae
695 1604 736 1654 ouri

71 1678 153 1735 sponte
163 1679 291 1718 nascuntur.
433 1732 435 1737 f
689 1670 701 1684 ''
728 1676 730 1681 '

104 1734 164 1782 Vll.
181 1735 322 1797 “Eqmdem
339 1742 364 1783 ut
376 1737 404 1783 de
418 1751 456 1784 me
470 1737 518 1800 ipoe
532 1736 609 1792 fatear,
624 1751 671 1783 uon
683 1749 735 1784 eum

73 1800 133 1847 aliern
151 1800 261 1848 laetiorem
279 1802 325 1864 egi,
345 1817 389 1863 quo
405 1802 460 1848 mihi
478 1801 537 1849 latua
556 1803 632 1850 clarus
651 1801 738 1848 oblatus

72 1872 114 1919 ert,
126 1865 164 1911 vel
174 1880 225 1926 quo,
240 1866 308 1913 homo
319 1882 391 1914 uorua
402 1867 459 1914 etin
471 1868 561 1914 civitate
570 1868 663 1913 minime
673 1864 738 1912 favo'·

73 1929 135 1976 rabili
144 1937 217 1985 uatus,
226 1938 369 1990 quaeaturam
377 1940 416 1979 aut
422 1933 565 1987 tribunatum,
574 1937 739 1992 outpraeturam

73 1994 164 2056 accepi3
189 2009 256 2055 quam
278 2011 324 2050 eoa,
346 1998 425 2057 quibua
443 1997 505 2051 mihi,
524 2012 565 2057 pro
586 1995 739 2042 mediocritate

73 2058 140 2121 hujus
148 2061 360 2122 quantulaecumque
365 2062 388 2108 in
397 2060 491 2108 diceudo
501 2059 620 2115 facultatis,
628 2065 667 2106 aut
675 2072 739 2104 reum

73 2137 181 2186 prospere
191 2125 317 2182 defendere,
324 2133 363 2172 aut
373 2125 432 2189 apud
439 2126 590 2172 centumviros
600 2124 690 2171 caucaiu
698 2123 739 2170 ali·

75 2203 144 2249 quam
154 2187 250 2236 feliciter
261 2204 330 2246 orare,
337 2197 376 2238 aut
387 2191 445 2252 opud
451 2191 572 2252 principem
584 2187 702 2251 ipsoaillco
713 2187 741 2232 li·

73 2254 151 2301 bertoo
166 2259 190 2300 et
203 2262 359 2314 procuratores
374 2257 499 2318 principum
513 2255 571 2301 tucri
585 2262 609 2301 et
623 2253 742 2300 defendere

75 2318 148 2364 datur.
181 2317 243 2365 Tum
259 2320 314 2366 mihi
330 2336 398 2381 cupra
412 2321 537 2367 tribunatuo
553 2327 576 2366 et
591 2324 700 2382 praeturaa
716 2320 740 2363 'et

75 2382 206 2430 consulatus
223 2384 358 2432 adscendere
374 2384 457 2438 videor,
468 2393 517 2431 tum
537 2385 625 2439 habere,
636 2382 702 2444 quod,
721 2381 741 2428 ai

76 2462 123 2494 nou
140 2448 163 2494 in
180 2449 255 2495 auimo
271 2450 349 2503 oritur,
367 2465 409 2496 rrec
425 2450 532 2497 codicillis
548 2450 619 2504 datur,
630 2463 673 2495 nec
689 2460 742 2494 cum

74 2510 150 2574 gratii
159 2514 229 2560 venit.
261 2513 322 2567 erae
332 2513 392 2562 fama
407 2522 430 2562 ct
443 2515 492 2561 laus
507 2515 606 2578 cujusvis
620 2514 674 2560 artis
689 2520 741 2560 cum

72 2584 187 2624 oratorum
198 2577 274 2642 glorid
288 2580 442 2645 comparanda
453 2587 498 2636 eat,
507 2581 608 2644 auruum
613 2576 759 2625 'ulamma

67 2637 133 2691 Urbe
144 2643 231 2706 solum,
244 2647 308 2713 apud
321 2650 465 2716 negotiosos
483 2655 512 2698 ct
524 2632 785 2699 retortum*

508 2720 561 2768 et

773 2704 785 2791 l

695 2892 777 2919 A
