1680 3188
84 429 132 474 100
172 396 602 476 amurmuraaaxucma.
634 426 750 471 noan.
792 448 796 513 ἶ

81 557 140 612 ditis,
160 571 227 618 quam
249 557 327 617 captis,
349 571 405 604 esse.
437 555 550 605 'liridateo
571 571 662 619 quoque
684 557 749 621 regni

82 620 198 684 profugus,
210 637 250 684 per
261 621 374 668 silentium
386 628 424 668 aut
430 617 520 669 modice
525 622 647 684 querendo,
658 622 750 684 grauior

84 694 139 733 erat.
172 685 228 733 Non
239 687 299 733 enim
312 685 405 749 ignarid
419 701 503 749 magna
517 687 611 749 imperia
621 687 748 735 contineri:

83 753 184 799 virorum
203 766 361 812 armorumque
378 750 506 799 faciendum
525 760 647 799 certamen.
680 749 710 798 Id
727 753 750 801 in

84 815 172 864 summi
188 814 279 864 fortuni
294 817 386 877 aequius,
402 818 462 878 quod
473 817 575 864 validius.
609 816 643 864 Et
658 832 701 864 sua
715 833 751 864 re·

84 883 157 928 tinere
175 882 269 944 privatae
288 881 384 941 domsss5
407 883 435 929 de
453 881 531 930 alienia
550 888 643 939 certare,
665 884 752 945 regiam

83 947 174 994 laudem
185 963 242 995 esse.
472 996 477 1007 ,
647 992 653 999 .

118 1010 153 1060 ΙΙ.
170 1011 245 1076 Igitur
256 1020 382 1060 commotus
392 1012 427 1059 his
435 1011 564 1075 Vologeses
575 1012 698 1060 concilium
710 1029 751 1060 ro-

86 1084 129 1133 cat,
146 1083 170 1124 et
183 1078 310 1140 proximum
325 1079 365 1125 sibi
376 1077 492 1125 Tiridaten
504 1079 627 1133 constituit,
644 1086 713 1140 atque
722 1079 755 1126 ita

87 1143 188 1190 orditur:
207 1149 222 1172 “
234 1141 305 1190 Hunc
316 1159 366 1206 ego,
378 1144 457 1190 eodem
469 1158 557 1190 mecum
568 1151 632 1206 patre
642 1143 754 1205 genitum,

87 1223 139 1255 eum
150 1208 212 1264 mihi,
228 1223 269 1270 per
280 1216 376 1263 aetatem,
393 1224 482 1256 summo
496 1208 587 1256 nomine
597 1208 754 1264 concessisset,

87 1272 111 1319 in
122 1274 287 1334 possessionem
299 1273 415 1322 Armeniae
426 1274 522 1330 deduxi;
540 1274 577 1334 qui
586 1273 667 1320 tertius
674 1280 755 1336 poten·

87 1338 127 1384 tiae
137 1338 221 1400 gradus
231 1339 337 1386 habetur:
356 1353 409 1386 nam
421 1338 504 1385 Medos
516 1338 616 1385 Pacorus
625 1344 678 1385 ante
690 1353 771 1399 ceper

88 1410 139 1448 rat:
158 1403 299 1464 videbarque,
311 1410 472 1450 contravetera
480 1402 575 1450 fratrum
587 1403 638 1451 odia
648 1410 672 1450 et
684 1412 757 1450 certa·

88 1468 157 1523 mina,
168 1467 259 1514 familiae
270 1476 354 1515 nostrae
361 1476 454 1530 penates
462 1469 505 1515 rite
512 1470 673 1530 composuisse.
698 1466 757 1515 Pro-

65 1532 167 1600 ¹bibent
183 1532 288 1588 Romani,
306 1541 329 1580 et
344 1549 429 1595 pacem,
448 1534 501 1596 ipsis
520 1547 634 1595 nunquam
651 1547 758 1595 prospere

89 1597 221 1653 lacessitam,
234 1613 295 1644 nuno
306 1614 394 1660 quoque
405 1599 428 1644 in
437 1599 530 1645 exitium
539 1612 605 1644 suum
616 1600 760 1661 abrumpunt·

91 1660 147 1709 Non
167 1664 203 1709 ibo
220 1662 318 1710 inficias:
344 1665 450 1723 aequitate
468 1678 534 1724 quarn
554 1664 671 1724 sanguine,
690 1660 760 1709 causi

91 1743 158 1788 quam
169 1728 244 1783 armis,
261 1729 357 1774 retinere
367 1739 430 1789 parta
441 1727 561 1791 majoribus
578 1728 717 1774 malueram:
738 1728 758 1774 si

91 1793 234 1840 cunctatione
242 1792 331 1853 deliqui,
340 1794 423 1841 virtute
430 1795 548 1855 corrigam.
575 1791 660 1839 Vestra
666 1792 758 1854 quidem

90 1857 127 1905 uis
142 1865 166 1904 et
182 1857 255 1919 gloria
270 1859 293 1903 in
310 1858 399 1919 integro
411 1865 451 1913 est,
468 1855 543 1905 additi
552 1858 669 1904 modestiae
680 1855 758 1916 iamd3

92 1937 144 1983 quae
162 1937 235 1983 neque
252 1924 344 1969 srrinmis
361 1923 488 1970 mortalium
503 1923 627 1985 spernenda
643 1930 684 1977 est,
705 1930 729 1968 et
745 1937 760 1969 a

96 1988 138 2034 diis
157 1987 304 2034 aestimatur.’'
339 1989 411 2036 Simul
427 1989 551 2036 diademate
567 1995 633 2049 caput
651 1986 760 2035 Tiridatis

92 2052 195 2108 evinxit3
210 2061 321 2114 promtam
338 2057 437 2114 equitum
455 2069 553 2107 manum,
570 2068 621 2113 quae
638 2068 716 2114 regem
728 2066 759 2099 ex

92 2132 156 2164 more
167 2120 273 2175 sectatur,
290 2118 389 2173 Monesi,
407 2119 474 2165 nobili
486 2119 541 2170 viro,
559 2118 655 2172 tradidit,
667 2118 760 2180 adJ'ectis

94 2181 261 2229 Adiabenorum
278 2183 378 2229 auxiliis:
398 2183 561 2243 mandavitque,
579 2181 697 2244 Tigranen
713 2184 760 2229 Ar-

93 2245 297 2303 mentionarium,
309 2249 362 2293 dum
374 2249 427 2309 ipse,
436 2249 515 2309 positis
523 2249 630 2294 adversus
637 2246 761 2308 Hyrcanos

95 2313 218 2366 discordiis,
230 2313 289 2359 vires
300 2314 397 2368 intimas,
409 2313 535 2374 molemque
543 2312 595 2359 belli
606 2313 657 2366 ciet,
669 2313 762 2373 provin·

95 2378 135 2424 ciis
146 2376 258 2424 Romanis
270 2379 382 2424 minitans,

128 2441 176 2489 111.
196 2442 256 2496 Quae
267 2443 304 2488 ubi
317 2442 440 2490 Corbuloni
452 2444 518 2489 certis
527 2443 610 2489 nuntiis
619 2442 695 2489 audita
702 2450 763 2497 sunt,

95 2508 197 2569 legiones
214 2508 268 2554 duas
285 2523 336 2554 cum
352 2507 467 2555 Verulano
485 2509 570 2554 Severo
588 2515 610 2552 et
622 2505 703 2554 Vettio
715 2507 764 2554 Bo-

94 2573 148 2619 lano
171 2573 292 2618 subsidium
314 2571 410 2634 Tigrani
432 2573 508 2627 mittit,
532 2572 620 2618 occulto
642 2580 765 2634 praecepto,

97 2639 254 2698 compositius·
269 2645 355 2691 cuncta,
384 2653 450 2699 quarn
473 2637 623 2690 festinantius,
651 2644 763 2699 egerente

60 2708 63 2715 '
90 2703 175 2764 quippe
187 2703 271 2750 bellum
283 2704 372 2759 habere,
384 2718 454 2765 quarn
464 2717 545 2766 gerere
553 2701 661 2746 metuont.
689 2701 770 2759 bonp-

62 2764 68 2771 ’
78 2779 193 2830 seratque
205 2769 305 2828 Caesari,
324 2771 422 2836 proprio
434 2770 494 2816 duee
504 2782 564 2827 opus
574 2777 634 2814 esser
647 2762 691 2818 uda
704 2762 788 2828 m?

67 2833 135 2880 niam
149 2836 312 2888 defenderet:
338 2839 446 2902 Syriam,
455 2837 589 2898 ingruente
596 2823 734 2892 Volua&
742 2832 798 2862 lm·

59 2912 105 2945 ore
117 2901 146 2948 in
161 2904 313 2957 discrimine
333 2922 400 2954 esse.
442 2902 529 2963 Atque
544 2889 647 2940 lnrenm
660 2877 798 2934 talamannia

52 2963 147 3025 'iones
157 2986 208 3036 pro
223 2975 283 3041 ripai
295 2972 451 3039 Euphratis
461 2970 553 3018 locata
570 2940 764 3007 ruminandam
773 2948 798 2991 p*
