1680 3188
74 105 75 108 Ἴ
171 103 393 165 uAGRICoLAE
403 109 494 161 vl'rs.
517 110 624 162 Cam·
680 117 726 160 223

56 243 157 292 >maone
171 242 275 306 eurique,
290 251 316 290 nt
331 243 392 291 nulla
406 251 459 291 ante
471 241 596 290 Britanniae
609 257 668 290 nova
680 257 733 305 pars

67 309 190 358 illucessita
200 310 318 356 transierit

101 372 175 420 XXI.
205 375 307 434 Sequens
329 373 400 420 biems
424 372 572 421 saluberrimis
605 403 629 450 U
642 401 663 451 c
676 406 723 450 834

66 438 168 488 consiliis
182 439 297 484 absumta:
316 452 418 498 namque,
433 443 458 484 ut
470 437 572 484 homines
613 436 636 517 J·
644 437 670 516 C·
680 473 707 514 81
724 436 731 451 ⁸

69 503 163 564 disprerai
175 518 201 548 ac
212 503 284 557 rudes,
300 516 371 562 eoque
382 502 406 548 in
416 501 474 548 bello
487 501 570 556 faciles,
630 500 636 514 ⁸
665 500 672 514 ⁰
712 501 719 515 ⁶

68 568 139 627 quieti
158 573 181 613 et
200 567 246 613 otio
264 582 304 628 per
321 566 447 627 voluptates
466 572 624 618 assuescerent,
647 565 729 613 bortari

67 631 180 692 privatim,
192 631 296 693 adjuvare
303 631 395 693 publice,
407 637 432 676 ut
440 630 528 692 templa,
538 629 593 683 sora,
602 630 681 676 domus
689 643 729 676 ex·

68 701 189 749 struerent,
205 695 314 742 laudando
327 702 435 756 prorutus,
451 701 474 741 et
488 694 617 754 castigando
631 709 727 755 segnesr

66 761 100 806 ita
110 760 202 806 honoris
213 760 325 806 aemulatio
335 774 377 820 pro
387 760 519 805 necessitate
529 766 584 805 erat.
611 757 663 806 Jam
676 774 730 805 vero

67 824 194 885 principum
204 823 262 870 filios
272 823 397 870 liberalibus
408 825 491 869 artibus
500 823 594 876 erudire,
607 829 630 868 et
640 823 731 884 ingenia

67 887 228 934 Britannorum
238 888 316 934 studiis
325 887 441 934 Gallorum
446 887 565 941 anteferre,
577 894 608 940 ut,
617 887 654 946 qui
663 887 730 934 modo

67 952 168 1013 linguam
185 952 312 999 Romanam
331 953 461 1007 abnuebmt,
480 951 629 1012 eloquentiam
645 967 728 998 concu-

66 1017 186 1078 piscerent.
217 1015 274 1063 Inde
286 1018 353 1063 etiam
368 1017 455 1063 habitas
469 1016 539 1062 nostri
552 1016 632 1071 bonor,
646 1022 670 1061 et
683 1015 728 1062 sre-

66 1094 139 1141 quens
154 1089 219 1143 toga:
240 1081 391 1143 paulatimque
402 1081 524 1127 discessum
539 1080 568 1126 sd
581 1079 729 1127 delenimenta

64 1145 181 1199 vitiorum,
192 1147 291 1206 porticus
300 1152 325 1192 et
334 1145 420 1202 balnea,
433 1153 457 1191 et
469 1144 622 1192 conviviorum
637 1143 728 1205 elegan-

65 1209 133 1255 tiam:
148 1210 227 1271 -idque
244 1209 303 1271 apud
321 1210 435 1272 imperitos
455 1209 581 1256 humanitas
596 1208 727 1263 >vocabatur‚

63 1287 118 1320 cum
129 1288 181 1334 pars
191 1274 305 1321 servitutis
315 1280 381 1321 essm.

98 1336 185 1384 XXII.
207 1337 299 1385 Tertius
309 1338 480 1400 'expeditionum
496 1352 568 1385 annus
581 1359 658 1418 Ἤρ
673 1371 720 1416 835

65 1416 137 1449 novas
153 1410 234 1464 gentes
248 1404 339 1464 aperuit,
351 1404 443 1450 vastatis
457 1417 527 1464 usque
539 1403 581 1453 nd·
609 1402 632 1482 J·
639 1402 665 1482 θ’
674 1437 706 1479 89
721 1402 728 1416 ⁶

64 1463 141 1513 Taiim
154 1468 270 1529 (aestuario
279 1481 360 1514 nomen
368 1466 413 1528 est)
426 1469 563 1514 nationibus:
626 1468 632 1480 '
661 1465 667 1479 ⁸
706 1467 712 1481 ⁸

64 1530 110 1591 qui
119 1531 240 1578 formidine
250 1532 321 1578 territi
331 1532 414 1586 hostes,
427 1547 561 1592 quamquam
576 1529 726 1578 conflictatum

64 1596 133 1642 saevis
141 1598 313 1659 tempestatibus,
320 1597 443 1644 exercitum
448 1597 608 1643 lacesserenon
615 1596 674 1642 ausi:
686 1611 727 1657 po·

64 1660 189 1720 mendisque
199 1662 290 1722 insuper
300 1661 396 1708 castellis
405 1661 500 1723 spatirnu
507 1661 555 1707 luit.
581 1661 728 1709 Anuotabant

62 1725 136 1786 periti,
151 1738 197 1771 non
211 1726 279 1772 alium
292 1725 372 1774 ducem
387 1726 563 1788 opportunitates
576 1725 676 1771 locorum
690 1739 726 1771 sa·

62 1789 162 1850 pientius
177 1790 271 1852 legisse:
294 1791 379 1838 nullum
393 1791 421 1837 eb
435 1788 546 1852 Agricold
561 1790 658 1852 positum
676 1804 726 1835 cas·

61 1853 143 1899 tellum
153 1862 193 1900 aut
203 1855 226 1900 vi
237 1856 334 1902 bostium
346 1861 505 1917 expugnatum,
520 1860 560 1901 aut
573 1855 675 1915 pactione
687 1859 726 1900 aut

60 1915 119 1979 fugi
133 1917 252 1965 desertum.
286 1917 377 1968 Crebrae
391 1919 531 1983 eruptiones:
553 1932 604 1964 nam
620 1918 729 1964 adversus

60 1996 138 2029 moras
149 1983 268 2031 obsidionis
278 1985 358 2032 annuis
368 1985 438 2045 copiis
445 1981 599 2029 firmabantur:
616 1982 648 2028 ita
655 1983 725 2029 intre·

60 2046 114 2108 pida
123 2047 153 2093 ibi
165 2048 243 2102 hiems,
257 2056 281 2095 et
296 2050 337 2095 sibi
347 2050 441 2109 quisque
450 2047 560 2108 praesidio,
576 2047 642 2092 irritis
653 2047 725 2092 hosti-

60 2111 110 2166 bus,
121 2125 193 2172 eoque
200 2113 375 2174 desperantibus,
383 2113 435 2174 quia
442 2112 501 2158 soliti
508 2111 639 2173 plerumque
646 2111 727 2157 damas

59 2176 147 2222 uerutis
158 2177 254 2224 hibernis
265 2179 381 2224 eventibus
390 2192 490 2239 pensare,
505 2184 553 2223 tum
568 2182 647 2222 eante
659 2183 727 2236 atque

59 2239 136 2286 hieme
154 2241 222 2302 juxta
241 2242 385 2304 pellebantur.
423 2240 474 2288 Nec
495 2239 605 2302 Agricola
626 2253 724 2300 unquam

58 2303 170 2367 pensiles
185 2312 250 2367 gesta
261 2308 340 2354 avidus
353 2307 483 2368 intercepit:
505 2321 544 2353 seu
560 2304 670 2361 centurio,
686 2319 726 2351 seu

58 2367 187 2430 prefectus,
202 2371 354 2434 incorruptum
368 2371 420 2419 facti
432 2377 511 2418 testem
523 2371 622 2417 habebat
655 2368 724 2431 Apud

59 2433 168 2495 quosdam
185 2437 283 2483 acerbior
299 2438 322 2484 in
339 2437 445 2484 conviciis
464 2435 599 2490 narrabatur,
619 2433 725 2482 utboni·

59 2499 144 2554 onmia,
154 2500 186 2548 ita
200 2501 308 2550 adversus
320 2503 396 2563 malos
405 2501 557 2566 iniucundum
576 2507 733 2547 materiamen

51 2561 169 2614 murus
180 2567 238 2619 nibil
249 2576 385 2638 supererat:
405 2575 527 2622 muudum
534 2559 754 2619 nimmia*
