1680 3188
190 340 232 410 c.
248 340 477 407 conanum
498 337 675 423 sacrm,

402 546 441 584 AB

104 702 336 766 EXCESSU
367 703 478 763 D1V1
509 701 735 765 AUGUSTI

167 883 675 967 ANNALIUM

183 1092 292 1146 amns
309 1095 467 1152 suranus
485 1092 657 1163 uncrinus.

116 1371 136 1421 1.
153 1373 266 1434 Iussum
288 1389 329 1422 rex
355 1374 492 1422 Parthorum
515 1372 590 1421 Volo·

83 1455 158 1503 gcses,
181 1442 280 1503 cognitis
302 1439 439 1489 Corbulonis
461 1441 533 1494 rebus,
553 1455 589 1486 re·
624 1403 753 1520 qmggg‘

83 1521 181 1568 gemque
190 1506 340 1568 alienigenam
348 1505 464 1569 Tigranen
473 1505 590 1553 Armeniae
650 1503 664 1570 ’Β
687 1502 693 1518 ’
735 1503 743 1519 ’

82 1571 229 1633 impositum
256 1571 329 1626 simui,
347 1571 416 1617 fratre
437 1569 539 1617 'liridate
558 1569 631 1632 pulso,
651 1576 751 1632 spretum

82 1634 244 1683 Arsacidarum
255 1636 370 1698 fastigium
388 1637 420 1683 ire
439 1636 512 1683 ultum
523 1635 618 1692 volens3
635 1636 753 1697 magnitu-

82 1700 135 1748 dine
146 1716 237 1748 rursum
248 1701 360 1756 Romani,
369 1709 393 1747 et
404 1702 504 1748 continui
515 1701 606 1747 soedcris
618 1700 751 1754 reverentis,

81 1766 183 1813 diversas
201 1767 230 1813 ad
249 1782 314 1814 curas
331 1767 471 1814 trahebatur:
490 1772 607 1812 cunctator
617 1765 717 1828 ingenio,
729 1773 753 1812 ct

80 1830 209 1879 ddectione
220 1830 389 1893 Hyrcanorum,
400 1834 476 1894 gentis
486 1831 574 1884 validae,
585 1830 708 1891 multisque
722 1845 752 1876 ex

80 1912 110 1944 eo
124 1897 190 1945 bellis
209 1897 317 1960 illigatus.
348 1896 426 1958 Atque
442 1897 506 1943 ilium
525 1895 655 1958 ambiguum
677 1910 752 1942 novus

80 1961 173 2024 insuper
199 1963 294 2009 nuntius
321 1961 465 2008 contumeliae
491 1959 638 2006 exstimulat:
669 1961 752 2022 quippe

79 2041 188 2089 egressus
206 2023 315 2074 Armenii
333 2026 447 2088 Tigranes
466 2026 603 2079 Adiabenos,
627 2026 749 2072 contermi-

79 2106 133 2140 nam
145 2093 269 2146 nationem,
280 2092 347 2138 latius
357 2107 384 2138 ac
395 2092 485 2145 diutius,
496 2105 564 2150 quam
575 2105 614 2152 per
624 2089 748 2146 latrocinia,

79 2164 222 2204 vastaverat:
242 2157 309 2217 idque
329 2158 439 2217 primores
458 2156 561 2217 gentium
582 2170 645 2216 aegre
665 2155 749 2203 tolera·

78 2222 148 2269 bant:
168 2237 197 2269 eo
207 2222 368 2277 contemtionis
375 2221 515 2275 descensum,
523 2228 548 2266 ut
556 2235 585 2267 ne
591 2221 648 2266 duce
659 2220 749 2280 quidem

77 2285 188 2334 Romano
196 2288 369 2342 incursarentur,
380 2287 420 2333 sed
428 2287 554 2332 temeritate
562 2285 651 2339 obsidis,
664 2291 698 2331 tot
708 2300 750 2346 per
780 2299 793 2338 ,’
819 2333 825 2343 ,

76 2366 150 2399 snnos
168 2353 227 2398 inter
246 2352 357 2413 mancipia
376 2352 452 2398 habiti.
486 2350 631 2397 Accendebst
646 2349 747 2396 dolorem
768 2356 779 2395 ,’
805 2357 820 2394 :

76 2431 156 2463 eorum
176 2417 330 2472 Monobazus,
350 2430 418 2476 quem
438 2431 507 2478 penes
525 2415 669 2461 Adiabenum
685 2415 746 2477 regi·
766 2429 825 2473 .·

76 2496 137 2537 rnen,
156 2482 217 2543 quod
232 2481 368 2543 praesidium,
387 2488 426 2528 aut
443 2482 502 2527 unde
517 2479 622 2542 peteret?
639 2481 749 2541 rogitans.
799 2487 811 2522 J

70 2544 126 2591 Iam
136 2547 166 2591 de
175 2544 288 2594 Armenii
298 2563 451 2596 concessum:
469 2545 706 2613 proximatrabinriria
714 2546 757 2592 be-
797 2539 801 2547 ’

59 2606 155 2654 findant
165 2607 263 2659 Partiri.-
281 2613 361 2665 ievius
369 2618 499 2668 servitium
510 2616 578 2686 anub
583 2615 717 2668 nummos
730 2612 774 2658 bt·
