1680 3188
61 392 93 438 96
127 384 321 435 ANNALIUM
337 380 592 436 Lam-cums
615 386 731 431 mons.

57 517 144 583 jecere.
175 516 317 578 Mutatsque,
332 530 384 578 quse
402 531 442 579 per
459 516 592 564 reditium
608 521 731 573 verterant,

63 591 88 632 et
99 583 206 646 Poppoeae
217 585 289 628 bonos
300 582 411 643 repositus
422 589 464 628 est.
498 581 559 635 Qnae
569 596 660 643 semper
670 582 731 638 odio,

64 659 113 696 tum
125 657 149 694 et
158 655 220 694 metu
231 656 304 702 atrox,
315 662 345 692 ne
355 654 395 693 aut
403 647 467 708 vulgi
478 647 550 693 aerior
560 647 595 693 vis
606 649 731 709 ingrueret,

63 710 106 762 sut
120 713 185 759 Nero
201 712 345 761 inclinatione
364 712 441 777 populi
463 719 593 765 mutaretur,
611 711 734 772 provoluts

64 779 160 842 genibus
167 778 216 840 eJus
222 795 230 834 3
248 776 303 824 Non
314 793 342 824 eo
354 777 397 823 loci
405 792 442 823 res
452 791 504 823 suas
515 777 559 838 agi,
577 783 603 822 ut
613 777 642 823 de
653 777 732 823 metri·

65 844 142 892 monio
153 849 224 889 certet
236 843 381 906 (quamquam
397 842 422 888 id
436 842 477 888 sibi
488 838 535 887 vitri
545 840 631 903 potius)
643 841 685 889 sed
696 840 732 888 vi·

65 917 112 956 tam
124 909 195 971 ipsam
205 908 230 954 in
236 915 362 955 extremum
374 907 493 954 adductam
505 921 518 952 a
528 906 638 959 clientelis
648 912 673 954 et
683 921 732 954 ser·

65 975 127 1022 vitiis
142 972 253 1028 Octaviae,
270 988 321 1033 quse
338 972 409 1033 plebis
420 972 460 1018 sibi
472 986 555 1019 nomen
565 971 695 1027 indiderint,
706 987 733 1019 es

65 1041 90 1089 io
100 1055 156 1102 pace
167 1039 222 1093 ausi,
230 1053 281 1099 quse
292 1038 332 1083 vix
341 1037 401 1085 bello
408 1036 532 1083 evenirent.
564 1036 637 1084 Arma
647 1036 686 1084 ills
693 1037 736 1085 ad·

67 1121 147 1154 versus
164 1105 287 1166 principem
304 1109 393 1150 sumta:
412 1102 493 1148 ducem
510 1108 598 1149 tanturn
619 1101 719 1149 defuisse
724 1118 734 1160 3

66 1172 112 1233 qui,
127 1169 196 1216 motis
208 1169 279 1222 rebus,
294 1166 360 1214 facile
375 1168 522 1229 reperiretur:
539 1168 655 1214 omitteret
665 1167 736 1215 modo

69 1235 224 1296 Campaniam,
240 1241 264 1279 et
279 1234 303 1279 in
315 1232 402 1279 Urbem
419 1234 490 1294 ipssm
506 1238 617 1294 pergeret,
630 1231 660 1279 sd
670 1233 735 1295 cujus

68 1308 149 1348 nutum
160 1299 259 1346 obtentis
276 1298 386 1344 tumultus
402 1298 522 1344 cierentur.
555 1296 625 1351 Qirod
635 1297 736 1359 alioquin

68 1381 134 1412 suurn
146 1362 269 1410 delictum?
285 1377 353 1423 quam
363 1363 494 1424 cujusquam
505 1361 667 1409 offensionem?
688 1362 735 1419 An,

68 1433 121 1492 quin
129 1444 205 1476 veram
216 1428 346 1490 progeniem
358 1429 475 1489 penatibus
482 1425 599 1475 Caesurnm
611 1427 690 1475 dsturs
698 1428 735 1484 sit,

71 1496 137 1542 mute
151 1494 257 1556 populum
269 1493 398 1539 Romanum
410 1493 506 1539 tibicinis
518 1492 623 1555 AEgyptii
634 1493 735 1541 sobolem

71 1561 213 1622 imperatorio
227 1559 318 1620 fastigio
334 1557 426 1605 induci?
460 1557 572 1619 Denique,
590 1558 609 1604 si
627 1558 652 1604 id
669 1559 736 1605 rebus

69 1626 186 1678 conducet.
197 1626 275 1678 libens,
287 1638 355 1683 quam
366 1629 464 1679 coactus,
476 1625 558 1670 acciret
568 1623 691 1679 dominam,
699 1623 738 1670 vel

70 1692 197 1738 consuleret
212 1690 325 1736 securitati
338 1686 402 1751 justd
417 1689 509 1735 ultione.
542 1688 575 1735 Et
589 1689 684 1737 modicis
699 1703 736 1736 re-

72 1757 151 1802 mediis
167 1755 251 1816 primos
267 1762 343 1800 motus
360 1754 504 1800 consedisse:
527 1762 557 1808 at,
581 1755 599 1800 sl
617 1755 738 1817 desperent

72 1835 165 1867 uxorem
179 1818 277 1866 Neronis
288 1819 337 1865 fore
345 1817 469 1874 Octauiam,
482 1820 512 1865 illi
521 1820 625 1866 maritum
638 1820 740 1867 daturos.

105 1882 188 1932 LXII.
206 1883 289 1930 Varius
300 1899 381 1939 sermo,
392 1891 416 1931 et
427 1885 455 1931 ad
463 1893 548 1931 metum
556 1893 623 1946 atque
631 1885 688 1932 irsm
699 1900 737 1932 ae·

73 1950 234 2004 commodatus,
252 1949 331 1995 terruit
353 1950 419 1996 simul
436 1951 569 2005 audientem,
588 1958 611 1996 et
629 1949 740 1997 accendit.

74 2016 120 2063 Sed
130 2029 208 2076 parurn
219 2015 307 2060 valebat
314 2015 412 2077 suspicio
423 2016 445 2060 iu
457 2031 529 2068 servo,
542 2023 566 2062 et
576 2015 740 2075 quaestionibus

72 2080 202 2127 ancillarum
220 2080 282 2126 elusa
298 2086 353 2127 erat.
386 2079 452 2141 Ergo
468 2080 633 2127 consessionem
644 2079 740 2143 alicujtts

73 2147 144 2207 quaeri
156 2145 234 2205 placet,
250 2146 285 2192 cui
297 2161 371 2192 return
383 2161 472 2206 quoque
484 2160 592 2193 novarum
603 2147 690 2192 crimen
704 2143 739 2191 of·

72 2210 203 2272 tingeretur.
236 2209 269 2256 Et
284 2212 345 2256 visus
362 2210 455 2256 idoneus
472 2218 580 2257 maternae
592 2211 653 2257 neeis
664 2219 741 2273 patra·

74 2284 119 2330 tor,
139 2275 255 2329 Anicetus,
274 2275 339 2321 classi
358 2276 417 2337 apud
435 2275 559 2330 Misenum,
572 2284 597 2322 ut
608 2277 740 2332 memoravi,

73 2340 202 2402 praefectus,
212 2340 257 2386 levi
264 2349 315 2401 post
322 2341 444 2387 admissum
453 2341 526 2388 scelus
532 2340 613 2403 gratid,
624 2341 676 2388 dein
686 2356 741 2405 gra·

76 2407 138 2451 viore
149 2405 214 2450 odio:
234 2407 286 2465 quia
296 2407 406 2452 mulorum
416 2405 541 2453 facinorum
556 2407 659 2461 ministri,
676 2407 740 2468 quasi

74 2471 240 2532 exprobrantes,
266 2470 426 2531 adspiciuntur.
466 2470 540 2534 Igitur
563 2470 659 2517 accitum
689 2487 742 2518 eum

76 2535 156 2583 Caesar
173 2549 248 2596 operae
264 2536 344 2595 prioris
361 2537 481 2582 admonet:
501 2536 573 2582 solum
591 2537 742 2583 incolumitati

75 2601 181 2663 principis
196 2600 303 2646 adversus
318 2602 459 2647 insidiantem
479 2612 574 2647 matrem
594 2601 740 2647 subvenisse:

75 2667 149 2712 locum
163 2665 221 2711 baud
235 2665 329 2712 minoris
339 2667 419 2727 gratiae
437 2666 527 2719 instare,
540 2669 558 2712 si
570 2667 689 2728 conjugem
706 2667 742 2710 in·

74 2730 161 2776 sensnm
173 2730 305 2792 depelleret:
326 2747 368 2778 nce
384 2745 452 2778 manu
463 2741 502 2777 aut
513 2731 559 2776 telo
569 2745 638 2791 opus:
658 2729 742 2776 fatere·

76 2804 112 2843 tur
124 2794 227 2843 Octaviae
235 2797 376 2843 adulterium.
393 2796 491 2843 Occulta
500 2796 589 2856 quidem
599 2795 626 2841 ud
634 2809 742 2857 praesens,

69 2861 114 2906 sed
124 2876 208 2922 magna
219 2863 239 2907 ci
250 2864 351 2925 praemia,
364 2869 386 2908 ct
397 2878 500 2909 secessus
510 2875 614 2908 amoenos
623 2861 741 2920 promittn,

57 2925 106 2982 Ussb
118 2926 141 2972 si
150 2929 295 2990 negavisset,
307 2945 392 2979 necem
403 2929 515 2977 intentat,
535 2922 665 2972 liteinins
673 2934 756 2966 setor-
