1680 3188
160 129 192 170 60
232 114 423 169 ANNALIUM
436 113 566 162 LlaXIII.
578 111 637 163 Cur.
646 117 685 161 51.
705 116 731 155 U.
744 119 769 157 C.
780 123 826 160 819.

164 255 183 300 si
194 268 262 313 remp.
274 266 341 311 cgere
355 250 456 294 libertate
468 244 579 292 senatorii
589 247 696 303 crederet,
708 255 755 294 tam
767 250 828 297 levia

162 314 344 366 consectaretur?
361 314 415 374 quin
426 312 530 365 debello,
541 319 580 357 aut
590 326 651 372 pace,
668 313 696 359 de
708 316 828 376 vectigali-

162 384 205 429 bus
216 388 239 428 et
248 379 342 441 legibus,
355 379 478 438 quibusque
488 377 537 431 aliis
557 375 662 423 Romana
673 379 828 435 continentur,

164 446 274 500 suaderet,
283 440 465 490 dissuaderctve?
498 439 579 486 Lidere
586 442 684 501 patribus
692 444 829 506 quotiesjus

164 511 266 558 dicendae
283 509 401 556 sententiae
419 506 562 568 accepissent,
574 520 626 565 quse
637 507 728 561 vellent,
745 522 830 570 expro-

165 591 233 630 mere,
255 573 430 632 relationemque
449 572 472 616 in
494 585 520 616 ea
541 570 671 637 postulare.v
692 572 732 618 An
755 573 831 620 solum

165 639 322 688 emendatione
333 638 432 698 dignum,
442 651 470 681 nc
479 635 596 695 Syracusis
607 638 734 696 spectacula
743 637 832 700 largius

166 703 302 752 ederentur?
320 701 410 750 Caetera
421 716 460 761 per
467 714 545 746 omnes
556 700 641 761 imperii
652 708 728 762 partes
738 703 834 764 perinde

93 766 95 771 ’
167 771 267 833 egregia,
282 782 349 829 qnam
365 766 384 812 si
400 780 446 811 non
463 763 534 818 Nero,
554 765 593 810 sed
609 763 711 812 Thrasea
729 768 833 829 regimen

168 850 246 882 eorum
271 830 375 878 teneret?
409 829 478 883 Quod
500 830 518 875 si
540 844 627 876 sumnia
655 831 834 880 dissimulatione

168 898 380 950 transmitterentur,
399 901 483 955 quanto
500 895 573 955 magis
595 895 699 942 inanibus
717 897 834 944 abstinen-

169 963 242 1011 dum?
265 960 366 1008 Thrasea
376 969 460 1013 contra,
471 959 581 1004 rationem
593 961 736 1019 poscentibus
747 962 835 1019 amicis,

169 1044 216 1076 non
227 1026 371 1090 praesentium
379 1025 489 1085 ignarum,
498 1023 651 1084 respondebat,
662 1026 772 1086 ejusmodi
778 1042 835 1074 con-

172 1094 232 1141 suita
241 1091 367 1152 corrigere;
385 1089 424 1135 sed
440 1094 528 1150 patrum
541 1089 621 1134 honori
637 1089 704 1137 dare:
724 1098 751 1138 ut
761 1093 836 1138 mani·

171 1159 254 1205 testum
262 1155 332 1212 fieret,
340 1169 472 1215 magnarum
480 1167 553 1199 rerum
565 1168 640 1199 curam
649 1168 695 1201 non
706 1156 837 1204 dissimula·

174 1230 243 1277 turos,
252 1222 289 1282 qui
300 1221 399 1266 animum
410 1219 476 1264 etiam
485 1218 604 1264 levissimis
615 1218 765 1266 adverterent.

206 1286 236 1334 L.
252 1285 340 1334 Eodem
351 1298 417 1338 anno,
425 1283 506 1328 crebris
514 1282 589 1344 populi
599 1282 782 1345 flagitationibus,
793 1287 838 1332 im·

174 1352 307 1398 modestiam
317 1349 484 1411 publicanorum
503 1349 623 1408 arguentis,
638 1349 748 1397 dubitavit
765 1351 832 1398 Nero

176 1432 205 1464 an
218 1422 299 1462 cuncta
309 1413 429 1474 vectigalia
438 1412 612 1473 omittijuberet,
631 1413 698 1474 idque
714 1415 827 1475 pulcherri

176 1496 239 1529 mum
250 1481 334 1535 donum
345 1478 423 1540 generi
434 1477 561 1522 mortalium
572 1477 641 1525 daret
675 1479 721 1525 Sed
729 1481 800 1542 impet
822 1503 840 1521 a,

177 1547 235 1608 ejus,
247 1545 342 1591 multum
357 1543 418 1604 prius
437 1539 526 1588 laudata
544 1542 699 1603 magnitudine
715 1546 792 1600 animi,
803 1553 828 1593 at

177 1607 265 1658 uouere
275 1615 399 1664 senatores,
413 1607 582 1653 dissolutionem
599 1608 685 1668 imperii
701 1609 811 1666 docendo,
823 1626 835 1658 s

177 1674 271 1728 fructus,
290 1674 368 1734 quibus
386 1687 444 1733 resp.
464 1672 617 1726 sustineretur,
640 1673 824 1722 deminuerentur

178 1740 266 1801 quippe,
278 1737 369 1784 sublatis
378 1737 490 1799 portoriis,
498 1751 599 1796 sequens,
611 1745 636 1782 ut
643 1739 778 1786 tributorum
794 1762 795 1778 ι
807 1762 827 1779 ··

178 1804 227 1851 litio
234 1803 419 1865 expostularetur.
442 1800 563 1862 Pleraeque
570 1802 715 1864 vectigalium
724 1805 828 1852 societat

179 1884 194 1916 a
204 1868 332 1915 consulibus
342 1875 366 1912 et
376 1865 469 1912 tribunis
483 1866 553 1928 plebis
563 1868 703 1922 constitutas,
718 1869 763 1916 acri
775 1868 820 1915 etia
834 1892 838 1911 i

181 1933 256 1996 populi
269 1931 337 1978 Rom.
349 1939 396 1976 tum
406 1930 520 1977 libertate:
540 1931 626 1991 reliqua
635 1947 690 1978 rnox
699 1933 732 1980 ita
746 1935 831 1995 proris

183 2004 209 2045 ut
219 1997 276 2044 ratio
286 2003 414 2057 quaestuum
423 1997 575 2053 etnecessitas
585 1998 741 2058 erogationum
752 1998 812 2044 inter
820 2014 840 2045 s=

183 2069 341 2124 congruerent.
371 2059 538 2122 Temperandas
548 2061 614 2122 plane
624 2061 792 2122 publicanorum
804 2078 834 2109 cu

183 2128 277 2188 pidines,
288 2142 323 2181 ne,
335 2126 376 2188 pei
385 2133 420 2172 tot
430 2140 501 2172 annos
509 2127 558 2171 sine
568 2125 659 2186 querelis
669 2127 771 2181 tolerata,
781 2129 834 2175 novi

184 2191 340 2241 acerbitatibus
350 2191 378 2238 ad
388 2190 495 2237 invidiam
505 2198 626 2236 verterent.

221 2254 262 2302 LL
279 2255 344 2317 Ergo
358 2256 428 2302 edixit
441 2256 549 2318 princeps,
566 2263 591 2301 ut
609 2255 672 2316 leges
683 2256 791 2317 cujusque
804 2272 836 2318 pu

184 2322 243 2375 blici,
253 2321 348 2368 occultae
358 2321 386 2368 ad
394 2321 417 2366 id
428 2328 522 2381 tempus,
534 2320 735 2381 proscriberentur:
754 2322 833 2368 omiss

186 2386 306 2447 petitiones
317 2400 363 2433 non
374 2386 433 2432 ultra
440 2399 523 2430 annum
532 2393 684 2430 resumerent:
698 2384 805 2448 Romaep
822 2408 834 2427 .-

190 2457 232 2504 tor,
251 2467 292 2513 per
313 2451 446 2512 provincias,
469 2449 507 2510 qui
526 2457 681 2510 propraetore
699 2458 738 2495 aut
757 2452 838 2497 consul

190 2523 272 2570 essent,
279 2517 332 2578 jura
340 2516 446 2561 adversus
456 2514 585 2577 publicanos
591 2520 655 2559 extra
662 2514 762 2560 ordinem
772 2516 840 2562 redd

183 2586 251 2625 renti
267 2581 377 2628 militibus
387 2580 519 2628 immunitas
527 2586 663 2634 seruaretur,
672 2579 794 2635 nisiiniis,
803 2595 840 2639 qu

109 2712 115 2721 .
174 2655 237 2690 reno
257 2655 405 2698 exercerent.
445 2648 550 2712 Altaque
573 2645 700 2697 admodum
721 2658 798 2711 aqua,
823 2664 829 2680 ,
