1680 3188
63 173 85 213 J.
95 172 123 213 c.
133 172 168 214 50.
227 167 422 219 ANNALIUM
432 168 666 221 duxltcmrr.
718 177 735 223 5

59 303 175 364 signatum
186 303 311 357 consulem,
328 300 466 349 Memmium
478 301 613 358 Pollionem,
630 304 730 367 ingenti·

58 368 99 414 bus
115 367 233 429 promissis
249 368 366 424 inducunt,
383 368 517 415 senteutiam
529 383 668 430 expromere,
685 369 732 432 qui

58 441 161 480 oraretur
180 430 290 480 Claudius
310 432 449 495 despondere
467 431 586 494 Octaviam
604 434 726 484 Domitios

57 497 119 559 (prod
128 497 193 551 ,aetati
204 496 321 558 utriusq‘ue
332 512 378 544 uon
389 498 515 554 absurdum,
533 506 557 546 et
570 500 656 562 mtjora
665 508 729 563 pate·

57 562 171 610 facturum
194 569 249 610 erat.
281 562 355 610 Pollio
376 564 437 610 haud
455 563 577 626 disparibus
599 566 681 621 verbis,
703 581 731 613 ac

58 643 131 690 nuper
138 627 256 686 Vitellius,
268 634 358 676 censet:
378 627 574 690 despondeturque
579 627 683 686 Octavia,
694 645 729 687 ac,

58 708 126 754 super
136 693 235 755 priorem
249 693 447 751 necessitudinem,
461 709 557 757 sponsus
564 694 613 758 jam
624 702 647 742 et
658 711 731 757 gener

59 756 187 814 Domitius,
209 758 293 819 aequari
313 756 452 815 Britannico,
475 760 554 807 studiis
573 760 658 814 matris,
681 767 731 808 arte

57 837 144 878 eorum,
155 819 214 884 quis,
231 823 260 870 ob
270 831 397 876 accrrsatam
408 823 565 880 Messalinam,
576 825 632 874 ultio
644 840 673 872 ex
683 825 731 874 tilio

88 951 123 999 X.
141 950 189 1000 Per
200 953 259 1000 idem
275 959 365 1015 ternpus
379 952 600 1016 legatiPnrthorum
616 956 645 1002 ad
658 970 728 1018 expe-

57 1018 160 1074 tendum,
172 1023 199 1065 ut
209 1017 283 1074 retuli,
294 1008 446 1065 Meherdaten
456 1019 527 1074 missi,
538 1027 642 1067 senatum
652 1021 728 1082 ingre-

57 1083 350 1144 diuntur„mrudataqueiu
359 1084 520 1130 buucmodum
527 1084 651 1146 incipiunt:
672 1085 728 1133 Nou

57 1163 82 1195 ae
91 1147 187 1197 teneris
196 1149 298 1210 ignaros,
315 1163 357 1195 nec
368 1148 495 1196 desectione
509 1164 523 1196 a
538 1148 623 1196 seruitii
633 1150 727 1197 Arsaci·

57 1213 137 1261 derum
152 1214 247 1269 renire;
264 1213 307 1260 sed¹
317 1213 388 1271 tilium
404 1212 516 1269 Vononis,
533 1220 638 1275 nepotem
654 1214 728 1262 Phra·

57 1278 122 1333 batis,
135 1279 243 1326 accedere
253 1279 360 1326 adversus
372 1279 548 1327 dominationem
557 1279 673 1334 Gotarzis,
685 1295 728 1327 no-

56 1342 138 1390 uilinu
156 1343 261 1406 plebique
275 1345 344 1405 juxta
360 1344 531 1395 intolerandum.
570 1343 621 1393 Jam
641 1344 728 1402 fratres,

52 1409 102 1472 jam
108 1409 309 1471 propinquosjam
315 1409 407 1471 longius
416 1409 478 1464 sitos,
487 1409 585 1457 cedibus
591 1410 726 1458 exhaustos:

58 1473 124 1538 adjici
135 1475 246 1536 coniuges
256 1474 368 1536 grauidas,
383 1475 466 1521 liberos
479 1489 568 1536 parvos,
585 1475 638 1522 dum
650 1490 728 1524 socors

56 1526 126 1595 domi,
142 1539 207 1587 bediis
218 1538 336 1594 infaustus,
349 1539 464 1601 &naviam
475 1537 563 1588 saevitii
573 1546 644 1602 tegat.
677 1540 728 1589 Vs-

56 1610 128 1651 terem
146 1605 189 1650 sibi
204 1619 231 1650 ac
242 1604 330 1666 publice
346 1610 444 1666 coeptam
460 1606 577 1652 nobiscum
588 1607 736 1669 amicitiamn

55 1677 80 1716 et
87 1669 267 1717 subveniendum
276 1670 350 1725 sociis,
362 1669 443 1716 virium
450 1671 545 1725 aemulis,
554 1670 728 1732 cedentibusque
737 1670 740 1675 “
802 1680 806 1687 “

55 1749 97 1796 per
113 1735 272 1782 reverentiam.
306 1732 362 1781 Ideo
378 1750 458 1797 regum
475 1735 564 1782 obsides
573 1737 656 1782 liberos
672 1737 727 1792 dari,

53 1806 88 1854 ut,
100 1800 120 1847 si
131 1800 251 1849 domestici
259 1799 346 1862 imperii
358 1799 447 1856 taedeat,
457 1801 486 1846 sit
497 1816 613 1862 regressus
624 1800 653 1847 sd
663 1802 726 1863 priu-

56 1865 131 1926 oipem
150 1871 277 1927 patresque,
296 1880 392 1926 quorum
410 1866 510 1913 moribus
528 1864 668 1913 assuefactus
687 1880 728 1913 rex

55 1930 137 1977 melior
149 1930 320 1978 adscisceretur.

87 1992 137 2042 XI.
154 1994 202 2043 Ubi
212 1996 263 2042 baec
271 1994 397 2056 atquetaiia
405 1992 567 2052 dissertavire3
584 1993 664 2056 incipit
674 2010 726 2044 orr-

55 2060 143 2109 tionem
161 2058 242 2109 Cesar
255 2043 287 2107 ile
301 2060 393 2123 fastigio
409 2059 523 2114 Romano,
546 2058 728 2121 Parthorumque

55 2125 185 2187 nbseqrffiu
206 2141 276 2187 seque
286 2123 320 2172 D.
328 2125 436 2188 Augusto
444 2125 581 2186 adaequabet,
593 2125 688 2186 petitum
700 2127 728 2173 ub

45 2205 84 2247 ,eo
95 2205 175 2254 regem
187 2189 294 2245 referens,
311 2188 395 2238 omissi
408 2189 494 2238 Tiberii
504 2189 626 2238 memorii:
646 2205 727 2251 quam·

56 2270 125 2317 quam
136 2257 259 2318 isquoque
270 2256 367 2303 miserat.
400 2255 539 2317 Addiditque
552 2260 666 2317 praecepta
680 2257 728 2319 (et-

55 2322 117 2375 enim
133 2321 213 2369 edant
226 2319 384 2382 Meherdates)
405 2328 431 2369 ut
449 2337 496 2368 non
514 2320 691 2368 dominationem
705 2328 731 2368 et

57 2400 145 2442 κεῖνοι,
156 2386 198 2434 sed
208 2393 319 2433 rectorem
327 2394 351 2434 et
358 2387 421 2434 cives
431 2387 542 2451 cogitaret
548 2403 556 2442 ;
574 2386 729 2433 clementiam·

56 2467 103 2514 que
111 2467 139 2499 ac
149 2452 272 2514 justitiam,
289 2458 376 2513 quanto
385 2452 465 2514 ignara
474 2451 579 2506 barbaris,
595 2457 660 2498 tanto
671 2452 733 2498 tote-

58 2517 143 2565 ratiora
152 2524 287 2579 capesseret.
320 2515 386 2565 Hinc
393 2534 480 2567 ¹versus
491 2517 521 2567 ad
531 2518 639 2583 legatos,
654 2517 754 2565 estotim

53 2581 284 2634 &adsecuturum
300 2581 377 2643 Urbis,
391 2594 509 2654 spectatre
525 2586 599 2637 adid
612 2583 766 2634 munerum

43 2652 73 2689 le
82 2651 159 2693 tmen
168 2645 266 2697 sermm
279 2665 367 2716 regum
380 2655 498 2723 ingenia,
508 2672 595 2721 neque
606 2653 672 2705 usui
680 2647 787 2700 ete'uffl

31 2706 182 2761 mmm
216 2713 282 2768 Rem
303 2718 456 2780 Romanam
478 2728 533 2781 buc
556 2726 685 2777 satietate
705 2708 805 2779 &⁰¹⁴ss

93 2808 98 2825 ¹
518 2814 538 2846 n
556 2800 579 2844 3
