1680 3188
114 461 146 508 ιι
186 426 383 508 surinus
393 438 630 507 samsones.
663 460 782 504 nem

112 589 160 636 nitu
171 591 257 652 ignoto,
271 595 296 637 et
305 589 382 652 empti
391 590 472 646 hieme,
488 590 573 636 iturum
584 589 673 636 obviam
684 603 732 635 non
741 603 780 636 re»

110 654 200 703 bantur.
232 654 276 703 llle
283 670 375 718 gnarus,
386 657 465 718 primis
475 655 593 703 eventibus
603 661 689 700 metum
701 662 742 701 aut
751 653 779 701 fi-

111 720 200 767 duciam
210 721 283 784 gigni,
300 722 356 768 citas
367 721 472 769 cohortes
483 721 553 783 rapit:
573 727 603 776 et,
615 720 682 767 caesis
691 721 731 781 qui
743 735 780 768 re·

111 785 223 843 stiterant,
240 786 345 849 disjectos
362 793 511 842 consatatus,
526 800 555 832 ne
566 800 644 832 rursus
654 784 781 848 oongloba·

111 856 196 905 rentur,
207 851 341 912 infensaque
351 860 375 898 et
385 851 455 899 infida
464 864 510 914 pax
520 865 567 899 non
578 851 637 906 (luci,
648 865 695 897 non
706 851 782 907 militi,

111 916 212 976 requiem
223 917 370 978 permitteret,
382 917 500 965 detrahere
510 931 573 963 orma
580 917 696 978 suspectis,
709 930 780 962 cuno·

111 986 193 1042 tosque
202 983 282 1029 eastris
290 983 318 1029 ad
330 983 451 1030 Annonam
462 990 486 1029 et
497 982 615 1030 Sabrinam
621 980 705 1028 fluvios
715 981 780 1027 colri-

111 1045 166 1093 bere
174 1053 247 1109 porat.
280 1046 348 1102 Quod
358 1049 424 1110 primi
436 1047 500 1096 leeni
511 1045 616 1102 mouere,
627 1047 702 1094 valida
712 1061 780 1108 gens,

110 1125 154 1159 neo
164 1112 250 1174 proeliis
257 1114 354 1169 contusi,
366 1115 418 1174 qnia
425 1114 555 1162 molentem
564 1120 664 1160 nosuam
675 1111 788 1159 volentem

110 1185 267 1225 aeeoeserant:
286 1178 366 1240 hisque
373 1180 507 1236 auctoribus,
515 1179 667 1242 circumJeotae
675 1176 780 1224 nationes

110 1240 187 1288 locum
203 1257 288 1305 pugnae
304 1241 417 1306 delegire,
436 1251 524 1306 septum
541 1244 626 1306 agresti
642 1258 734 1306 aggere,
754 1249 780 1289 et

111 1307 174 1354 aditu
189 1315 295 1370 angusto,
313 1323 342 1356 ne
358 1311 449 1372 pervius
465 1311 535 1371 equiti
550 1309 616 1356 soret.
649 1308 687 1356 Ea
701 1307 779 1354 muni·

111 1380 189 1419 menta
203 1373 251 1419 (lux
264 1373 391 1429 Romanus,
407 1390 543 1437 quamquam
558 1375 608 1422 sine
621 1375 702 1422 robore
718 1374 779 1436 legi-

110 1451 180 1484 onum
187 1437 282 1485 sociales
292 1439 368 1501 copias
376 1440 477 1494 duoebat,
488 1454 632 1501 perrumpere
638 1439 779 1502 aggreditur,

110 1508 140 1557 et,
149 1501 273 1551 distributis
283 1505 418 1559 cohortibus,
430 1512 516 1551 turmas
526 1518 623 1566 quoque,
633 1505 735 1566 peditum
750 1504 781 1551 tul

110 1568 195 1625 munia,
208 1568 314 1631 aomngit.
346 1568 419 1625 Tune,
432 1569 485 1617 (lato
497 1570 570 1631 signo,
581 1568 725 1630 perfringunt
736 1584 778 1631 sg-

110 1647 197 1695 gerem,
214 1633 305 1694 suisque
321 1634 424 1681 claustris
434 1634 554 1696 impeditos
569 1635 666 1680 turbant
699 1631 780 1694 Atqu

110 1697 144 1744 illi
155 1696 295 1745 conscientiis
305 1699 439 1754 rebellionis,
455 1707 479 1745 et
489 1699 588 1759 obreptis
597 1697 694 1759 effirgiis,
706 1699 780 1745 multa

109 1769 134 1810 et
151 1763 212 1810 clara
227 1762 327 1811 minora
343 1760 425 1810 seuere.
458 1762 515 1817 eris
531 1761 610 1824 pugni
622 1761 682 1808 filius
700 1760 780 1824 legali,

110 1826 148 1874 M.
157 1827 270 1884 Ostorius,
281 1829 364 1875 servati
375 1828 432 1875 civis
442 1828 511 1874 decus
521 1827 610 1874 meruit.

142 1890 258 1940 XXXII·
283 1891 399 1942 Caeterum
420 1892 484 1939 clade
506 1889 628 1940 Icenonrm
650 1892 779 1954 oomposlti,

110 1959 149 2020 qul
159 1958 243 2005 bellurn
254 1959 315 2005 inter
325 1965 348 2005 et
356 1972 433 2020 paoem
442 1957 585 2004 dubitabant:
604 1964 628 2004 et
636 1958 781 2005 duotnsinde

108 2024 133 2070 in
151 2021 245 2085 (langor
261 2024 380 2070 exercitus.
413 2021 504 2069 Vastati
520 2023 577 2085 agri,
592 2023 676 2085 predas
692 2025 777 2084 passim

109 2094 183 2146 setaeg
200 2103 247 2135 non
263 2089 323 2135 ausis
339 2089 410 2135 aciem
427 2088 537 2144 hostibus,
555 2087 599 2143 vel,
616 2089 634 2134 ai
646 2103 675 2135 ex
685 2089 780 2136 ooculto

109 2167 202 2215 carpere
212 2168 295 2215 agmen
307 2160 426 2208 tentarent,
436 2155 516 2216 punito
527 2153 588 2201 dolo.
610 2151 709 2213 Jamque
720 2168 777 2200 ven-

110 2223 160 2265 tum
171 2218 231 2265 haud
240 2219 320 2280 procul
330 2220 392 2274 mari,
409 2220 470 2279 quod
482 2218 617 2266 Hiberniam
627 2218 723 2264 insulam
736 2219 778 2265 tul·

111 2289 212 2344 speetat3
238 2299 290 2330 curn
308 2292 366 2332 ortae
384 2285 443 2346 apud
462 2283 587 2348 Brigantes
605 2283 722 2330 disoordiae
740 2299 778 2330 re·

111 2345 201 2394 traxere
212 2349 299 2404 durem,
311 2350 466 2397 destinationis
485 2360 580 2404 certum,
600 2363 630 2395 ne
648 2363 708 2394 nova
725 2363 778 2396 mo·

108 2408 195 2466 liretur,
206 2414 249 2460 nisi
259 2415 370 2476 prioribus
380 2415 481 2463 innatis.
497 2415 531 2462 Et
541 2414 665 2476 Brigantes
676 2413 778 2474 quidem,

108 2492 248 2600 lflitlimi’enli:
261 2478 779 2608 :Qarcffpigpltfflnffigctffgniptpggppg

108 2622 155 2654 non
178 2607 298 2658 clementii
319 2613 452 2667 mutabatur,
474 2612 529 2672 quin
547 2610 632 2658 bellum
650 2617 779 2665 exerceret,

109 2674 233 2736 castrisque
243 2675 360 2738 legionum
370 2677 492 2739 premenda
502 2676 568 2724 soret.
579 2733 582 2740 =
602 2674 630 2721 In
640 2690 685 2736 quo
696 2689 775 2736 prom·

97 2737 148 2782 tius
164 2741 259 2797 veniret,
278 2743 368 2790 colonia
386 2740 577 2802 Camulodunum,
594 2738 669 2788 validi
685 2747 775 2786 vetera·

81 2809 172 2869 nomm
193 2819 276 2864 manu,
303 2810 426 2858 deducitur
443 2810 470 2858 in
490 2824 562 2874 agros
577 2805 688 2869 capnios·
708 2805 784 2849 suusn-

53 2856 142 2981 lgm
152 2867 278 2922 &Versus
285 2877 404 2938 rebelles,
415 2884 442 2928 et
452 2874 592 2926 imbuendis
600 2869 674 2920 soo'iu
682 2867 715 2915 ab
723 2866 803 2912 obsita

105 2939 156 2974 um.

82 2982 239 3054 xxxnr,
259 3004 336 3065 Itum
357 3013 420 3067 isne
440 3014 473 3065 sn
491 3011 600 3068 uiuo.
613 3014 692 3066 uper
705 2989 824 3060 nerim
