1680 3188
95 113 193 155 J.c.³o.
255 109 450 160 ANNALIUM
461 107 723 160 hammam*
748 115 764 158 9

98 239 191 287 navium
210 243 325 304 quasdam,
347 258 399 304 quae
420 243 476 290 mari
495 243 630 296 remeabant
651 242 676 288 in
696 240 764 287 litora

97 303 226 356 Taurorum
248 308 333 355 delatas
354 305 522 355 circumvenere
542 307 634 362 barbari,
656 305 764 368 praefecto

96 371 197 419 cohortis
207 381 232 419 et
241 373 354 434 plerisque
365 375 520 421 centurionum
531 371 662 420 interfectis.

129 435 230 484 XVIIL
247 436 339 486 Interea
353 438 504 492 Mithridates,
520 438 582 484 nullo
596 438 620 484 in
631 436 699 485 armis
710 436 763 483 sub·

94 500 159 556 sidio,
189 503 309 558 consultat,
337 505 400 566 cujus
422 503 596 550 misericordiam
618 503 764 564 experiretur.

96 564 179 614 Frater
193 566 275 630 Cotys,
291 569 393 630 proditor
407 569 468 620 olim,
485 568 566 614 deinde
582 568 659 621 hostis,
675 573 763 612 metne-

95 628 176 678 batur:
196 632 354 680 Romanorum
365 649 432 681 nemo
448 634 472 679 id
487 633 626 680 auctoritatis
637 632 719 686 aderat,
738 637 765 677 ut

97 699 210 758 promissa
231 700 279 761 ejus
301 699 378 761 magni
399 699 556 761 penderentur.
589 698 628 744 Ad
649 696 764 743 Eunonen

97 764 218 819 convertit,
229 765 325 826 propriis
336 765 392 811 odiis
401 779 446 810 non
458 762 578 818 insensum,
590 770 614 809 et
621 776 700 809 recens
707 775 763 807 con·

91 826 175 888 juncti
185 829 302 876 nobiscum
313 827 409 876 amicitiai
420 829 525 875 validum.
553 826 629 890 Igitur
639 827 701 874 cultu
712 825 764 872 vul-

95 898 167 953 tuque
176 909 244 954 quam
256 895 354 941 maxime
365 894 393 940 ad
404 899 539 957 praesentem
549 893 662 940 fortunam
671 905 763 954 compa·

95 964 153 1012 rato,
167 960 253 1021 regiam
264 960 396 1022 ingreditur,
410 959 549 1021 genibusque
564 959 614 1021 ejus
625 957 764 1020 provolutus,

95 1027 111 1050 “
118 1021 291 1083 Mithridates‚”
303 1025 382 1085 inquit,
400 1031 414 1054 “
422 1021 483 1070 terris
492 1024 593 1084 marique
603 1021 714 1070 Romanis
724 1037 765 1082 per

95 1092 131 1134 tot
141 1103 214 1136 annos
225 1090 340 1151 quaesitus,
356 1096 436 1152 sponte
446 1089 532 1136 adsum.
567 1087 646 1143 Utere,
657 1096 683 1134 ut
693 1086 765 1142 voles,

95 1152 160 1216 prole
171 1155 250 1216 magni
260 1155 411 1213 Achemenis,
422 1154 483 1216 quod
490 1153 544 1201 mihi
553 1153 625 1201 solum
633 1154 765 1201 nosternon

98 1218 265 1268 abstulerunt.”

129 1282 204 1332 XIX.
221 1284 256 1332 At
266 1285 378 1334 Eunones
388 1285 520 1334 claritudine
531 1285 580 1339 viri,
592 1284 716 1331 mutatione
727 1298 763 1330 re-

96 1363 155 1404 rum,
172 1358 196 1397 et
210 1366 277 1412 prece
287 1352 347 1398 haud
357 1352 469 1414 degenere
478 1356 601 1412 permotus,
618 1349 699 1397 allevat
709 1363 763 1411 sup-

96 1413 186 1476 plicem,
203 1416 330 1478 laudatque,
346 1417 407 1478 quod
423 1423 516 1479 gentem
535 1414 684 1469 Adorsorum,
703 1413 764 1475 quod

97 1493 161 1526 suam
173 1481 289 1529 dexteram
299 1483 403 1543 petendae
414 1482 488 1529 veniae
498 1479 613 1542 delegerit.
647 1479 720 1526 Simul
729 1478 764 1525 le·

97 1551 164 1605 gatos
172 1545 293 1608 literaeque
303 1547 332 1593 ad
344 1545 458 1596 Caesarem
469 1547 493 1592 in
503 1545 564 1592 hunc
574 1544 667 1592 modum
677 1544 762 1590 mittit:

98 1608 156 1672 Pop.
165 1609 266 1659 Romani
276 1613 452 1674 imperatoribus,
463 1625 640 1673 magnarumque
648 1611 764 1656 nationum

98 1675 197 1736 regibus,
213 1677 308 1738 primam
319 1692 348 1724 ex
362 1676 506 1725 similitudine
514 1674 614 1722 sortunae
628 1675 761 1722 amicitiam:

98 1740 140 1787 sibi
155 1748 180 1788 et
195 1738 292 1790 Claudio
309 1742 376 1790 etiam
392 1742 575 1790 communionem
589 1741 691 1788 victoriae
708 1754 765 1786 esse.

98 1799 219 1854 Bellorum
230 1808 336 1870 egregios
346 1807 409 1864 fines,
426 1808 515 1868 quoties
529 1805 667 1869 ignoscendo
682 1805 764 1851 transi-

98 1878 174 1936 gatur.
195 1872 233 1919 Sic
243 1872 333 1920 Zorsini
344 1873 404 1920 victo
415 1873 471 1919 nihil
482 1880 590 1933 ereptum.
611 1869 658 1916 Pro
670 1869 764 1915 Mithri-

99 1937 157 1993 date,
172 1938 263 1998 quando
274 1938 366 2001 gravius
378 1944 508 1992 mereretur,
522 1952 568 1983 non
576 1935 709 1997 potentiam,
717 1948 763 1980 non

98 2003 309 2065 regnum,premri;
326 2003 365 2050 sed
376 2017 406 2050 ne
415 2002 595 2064 triumpharetur,
613 2015 671 2046 neve
684 2012 765 2060 poenas

99 2068 174 2130 capite
184 2069 328 2130 expenderet.

132 2131 193 2179 XX.
209 2132 244 2180 At
256 2131 372 2188 Claudius,
383 2146 517 2193 quamquam
528 2130 680 2177 nobilitatibus
688 2135 764 2188 exter-

99 2198 136 2244 nis
147 2197 215 2252 mitis,
232 2198 342 2244 dubitavit
355 2205 437 2252 tamen,
454 2196 556 2258 accipere
569 2195 683 2256 captivum
697 2199 764 2254 pacto

98 2263 186 2318 salutis,
203 2277 233 2309 an
243 2272 345 2324 repetere
355 2263 423 2309 armis
438 2262 520 2308 rectius
535 2260 600 2307 foret.
632 2258 690 2307 Huc
701 2257 765 2304 dolor

98 2327 237 2390 injuriarum,
248 2335 273 2375 et
282 2327 350 2374 libido
362 2327 467 2374 vindictae
475 2326 585 2388 adigebat.
612 2323 658 2371 Sed
668 2323 766 2370 dissere·

97 2392 165 2439 batur
175 2399 268 2441 cenna.-
288 2391 377 2456 Suscipi
389 2392 473 2442 bellurn
491 2394 545 2442 avio
554 2392 648 2448 itinere,
661 2390 783 2452 importu-

89 2470 133 2500 oso
149 2457 223 2503 mari:
239 2457 270 2503 ad
289 2458 333 2507 hoc
354 2475 426 2527 reges
447 2461 559 2522 serocea3
576 2475 661 2525 vagos
675 2453 803 2524 popuXoa·³

78 2516 153 2560 nolum
161 2517 258 2596 [rugum
270 2537 347 2589 egens
356 2545 363 2576 ε
384 2539 440 2580 turn
451 2532 557 2582 taedium
565 2545 603 2580 ex
608 2525 694 2583 norb,
703 2515 822 2588 neum*

66 2585 263 2646 expromimus,
283 2594 411 2650 modicam
425 2601 573 2653 victoribus
581 2599 706 2654 nauem,
717 2605 750 2641 uc
759 2579 833 2635 ..u-
