1680 3188
265 151 466 202 GERMANIA.
487 152 597 204 omas.
721 161 768 208 197

125 282 227 334 XXVI.
246 283 334 332 Foeuus
352 285 439 346 agitare
457 291 481 331 et
499 286 524 333 in
543 300 622 333 usuras
638 287 767 344 extendere,

90 354 214 417 ignotum:
233 350 328 410 ideoque
345 351 418 411 magis
434 358 543 405 seruatur,
555 352 654 412 quamsi
671 353 767 400 vetitum

89 426 167 466 esset,
195 415 262 478 Agri,
272 431 314 476 pro
330 430 425 461 nrtmero
441 416 561 471 cultorum,
572 418 600 464 ab
616 418 726 465 universis
741 419 766 467 in

91 485 155 532 vices
170 487 315 542 occupantur,
326 495 449 540 quosmox
459 481 518 527 inter
528 497 561 538 se,
573 483 696 531 seeundum
712 484 764 546 dig.

91 551 215 600 nationem,
233 546 375 607 partiuntur:
398 545 529 592 facilitatem
546 548 655 608 partiendi
672 563 763 610 campo·

90 629 144 661 rum
158 612 232 674 spatia
246 617 362 672 praestant.
395 611 459 657 Arva
475 627 515 673 per
531 627 602 658 annos
618 618 720 659 mutant:
740 620 764 660 at

211 691 266 736 ager
272 692 281 733 ;
298 691 340 722 nee
356 676 416 721 enim
431 691 485 722 eum
502 677 603 723 ubertate
616 683 641 722 et
656 678 763 738 amplitu-

89 745 146 795 dine
158 742 201 789 soli
212 741 287 787 labore
298 741 445 795 contendunt,
452 747 482 786 ut
493 743 593 802 pomaria
602 750 728 797 conserant,
739 751 764 791 et

90 816 156 872 prata
173 817 283 868 separent,
301 814 325 852 et
343 807 420 853 hortos
436 806 524 868 rigent:
550 807 599 853 sola
615 814 681 854 terrae
698 823 766 870 seges

88 874 234 936 imperatur..
258 870 326 918 Unde
336 885 421 917 aunum
432 886 522 932 quoque
531 871 605 933 ipsium
617 873 698 918 nonin
709 874 763 921 toti·

88 939 144 986 ulem
159 938 267 999 d'merunt
276 936 375 996 species:
395 937 468 982 hiems
483 943 507 982 et
524 951 563 982 ver
579 943 602 983 et
613 944 680 983 testas
696 938 764 984 intel·

90 1004 177 1051 lectum
188 1017 216 1051 ae
223 1002 332 1047 voeabula
339 1001 421 1048 habeut
426 1018 435 1058 ς
452 1002 568 1047 auctumni
577 1001 670 1063 perinde
677 1017 761 1050 nomeu

87 1069 190 1119 aobona
200 1067 342 1127 ignorantur.
742 1102 745 1107 .

126 1130 239 1178 XXVII.
257 1129 373 1175 Funerum
389 1129 451 1175 nulla
468 1129 574 1175 ambitior
593 1129 616 1176 id
632 1129 705 1177 solum
720 1132 762 1179 ol>

90 1197 201 1250 servatur,
216 1201 242 1241 ut
257 1209 352 1254 corpora
366 1194 477 1240 clarorum
494 1194 593 1240 virorum
610 1195 677 1241 certis
694 1195 763 1258 lignis

89 1267 229 1311 minentur.
263 1259 354 1305 struem
373 1260 423 1320 rogi
441 1273 484 1304 noo
501 1260 606 1314 vestibus,
626 1275 667 1306 nee
678 1261 762 1319 odori·

89 1330 139 1383 bus,
159 1325 288 1373 cumulant:
308 1339 349 1370 sua
364 1324 446 1383 cuique
462 1339 530 1378 arma,
548 1326 695 1385 quorumdam
713 1327 761 1386 igni

87 1402 116 1442 et
129 1407 202 1453 equus
213 1389 323 1452 adjicitur.
356 1389 488 1450 Sepulcrum
500 1405 586 1451 caespes
596 1390 671 1452 erigit.
704 1389 760 1438 Mo-

89 1460 245 1508 nimentorum
262 1454 356 1500 arduum
368 1461 393 1499 et
407 1469 526 1515 operosum
537 1456 653 1509 honorem,
666 1462 690 1501 ut
705 1470 760 1518 gra·

87 1538 143 1574 vem
154 1521 272 1573 defunmis,
284 1519 453 1580 adspernantur.
485 1518 597 1566 Lamenta
612 1535 640 1566 ao
648 1521 761 1582 lacrymas

85 1590 143 1644 sito,
161 1587 262 1633 dolorem
280 1592 303 1630 et
317 1584 430 1630 tristitiam
448 1584 519 1638 tarde,
534 1593 629 1646 ponunt.
660 1584 762 1633 Feminis

88 1654 171 1715 lugere
193 1652 313 1697 honestum
335 1656 385 1706 est;
411 1649 466 1695 viris
487 1651 622 1697 meminisse.
654 1649 716 1697 Hsee
731 1651 759 1697 ,iu

84 1732 213 1767 oommuue
224 1716 252 1761 de
263 1715 363 1762 omnium
376 1713 544 1761 Germanorum
554 1716 642 1777 origine
653 1730 679 1762 ac
689 1715 760 1762 mori·

84 1786 132 1832 nus
148 1781 290 1844 accepimusr
309 1795 370 1825 nuuc
385 1779 526 1841 singularum
537 1781 640 1842 gentium
656 1781 760 1828 instituta

85 1850 198 1907 ritusque,
208 1844 320 1906 quitenus
330 1844 440 1898 differant,
451 1860 503 1905 quae
519 1847 622 1893 nationes
633 1861 647 1892 e
660 1845 758 1894 Germa·

84 1912 128 1962 nii
138 1914 162 1959 in
175 1911 263 1959 Gallias
273 1910 480 1971 commigraverint,
491 1911 616 1972 expediam.

116 1974 243 2024 XXVIII.
253 1974 382 2021 Validiores
388 1975 441 2020 olim
448 1975 566 2022 Gallorum
572 1991 607 2022 res
613 1975 756 2031 fuissem*

82 2058 140 2092 mus
149 2049 267 2089 auctorum
279 2038 313 2086 D.
326 2039 402 2087 Julius
413 2039 493 2084 tradit:
513 2055 584 2100 eoque
597 2040 701 2087 credibile
714 2047 757 2097 est,

82 2110 156 2156 etiam
169 2107 251 2153 Gallos
260 2106 285 2151 in
297 2104 443 2152 Germaniam
456 2111 616 2165 transgressos
650 2104 757 2158 Quantu-

83 2175 136 2221 lum
147 2173 209 2219 enim
219 2171 292 2217 amnis
299 2170 407 2221 obstabat,
414 2183 460 2229 quo
469 2169 552 2223 minus,
560 2176 586 2215 ut
592 2183 688 2229 quaeque
698 2184 757 2231 gaus

81 2239 210 2291 noluerat,
218 2241 339 2296 oocuparet
345 2240 527 2296 permutaretque
537 2235 610 2290 sedes,
618 2235 758 2295 promiscuas

81 2303 167 2358 adhue,
183 2309 208 2348 et
223 2298 286 2347 nulla
302 2314 424 2361 regnorum
439 2297 542 2360 potentii
557 2296 657 2345 divisae?
680 2297 757 2360 Igitur

83 2369 146 2416 iuter
169 2365 310 2426 Hercyniam
332 2365 411 2411 silvam
431 2363 584 2425 Rhenumque
602 2371 625 2410 et
647 2362 756 2411 Moenum

76 2447 164 2481 amne·
175 2429 285 2484 Helvetii,
296 2429 402 2476 ulteriora
413 2427 472 2484 Boii,
485 2429 574 2476 Gallica
583 2435 678 2488 utraque
688 2443 756 2491 geos,

77 2495 184 2546 -teuussre,
216 2494 301 2543 Manet
314 2495 387 2542 adhuc
401 2493 506 2541 Boihemi
522 2508 613 2548 nomen,
630 2493 755 2556 significan·

82 2578 128 2624 que
143 2560 193 2609 luti
204 2556 306 2609 retem
320 2559 464 2619 messoriam,
479 2559 582 2622 quamuis
596 2559 691 2605 mutatis
701 2559 755 2614 ‚oul-

75 2626 171 2674 toribus.
183 2624 238 2675 fleri
248 2630 328 2677 strum
345 2627 458 2679 Arariaei
470 2627 499 2676 iu
505 2625 662 2674 'Pannoniam
671 2621 782 2670 alawih

62 2690 246 2753 (imm
264 2697 377 2761 natione
387 2713 422 2751 au
437 2695 486 2750 ou
499 2695 534 2747 ai>
550 2683 718 2742 aramenta
729 2681 798 2727 ἢ*

547 2765 597 2809 s‘e
