1680 3188
194 125 219 181 J.
229 123 415 179 Aunlcomu
426 123 649 178 Vle'Canss.
706 131 757 184 259

89 276 117 316 ac
132 273 196 308 mare
213 266 237 306 et
255 260 329 312 silvas,
348 259 427 320 ignota
445 259 520 306 onmia
535 258 752 322 circumspectantes,

88 326 179 374 abusos
187 324 350 386 quodammodo
363 339 389 369 uo
399 323 488 370 vinctos
495 323 524 368 dii
533 324 596 370 nobis
607 326 753 374 tradiderunt.

24 406 28 417 ¹
87 388 128 437 Ne
139 396 222 436 terreat
232 404 304 435 vanus
314 388 437 449 adspectus,
454 395 477 433 et
487 388 535 433 auri
547 387 623 450 fulgor
636 397 703 450 atque
713 405 750 437 ar-

85 455 158 518 genti,
174 453 235 514 quod
254 457 327 512 neque
342 453 407 513 tegit,
423 465 496 511 neque
513 453 622 500 vulnerat.
656 452 683 500 Iu
702 452 752 516 ipsi

85 518 186 566 bostium
197 518 246 564 acie
259 517 399 563 inveniemus
412 523 500 562 nostras
515 531 607 563 manus:
627 525 754 580 agnoscent

84 579 190 632 Britanni
202 596 265 628 suam
276 595 365 627 causam
373 598 385 628 z,
399 581 573 627 recordabuntur
581 581 642 628 Guu
653 583 748 643 priorem

85 647 225 694 libertatem:
245 645 348 691 deserent
358 645 409 690 illos
423 644 498 689 caeteri
510 644 624 700 Germani,
636 653 749 707 tamquam

84 725 156 773 nuper
173 708 248 771 Usipii
258 709 402 770 reliquerunt.
435 707 487 754 Neo
500 709 619 770 quidquam
630 710 688 760 ultra
701 711 749 758 for·

84 775 188 822 midinis:
208 789 279 820 vacua
295 773 392 828 castella,
403 787 483 819 senum
499 773 600 829 coloniae,
614 774 673 820 inter
689 776 750 824 male

82 844 187 902 parentes
205 847 229 884 et
247 839 330 901 injuste
347 839 488 899 imperantes,
507 851 569 899 aegm
587 839 706 900 municipia
724 847 753 888 et

83 903 246 951 discordantias
265 903 302 948 hic
318 903 370 956 dux,
386 903 422 948 bic
438 901 564 948 exercitus:
583 903 612 948 ibi
628 904 709 951 tributa
724 912 748 954 et

83 968 176 1016 metulla
185 975 209 1013 et
219 975 309 1014 caeterae
320 967 464 1015 servientium
474 979 564 1028 ρώπως
581 981 635 1028 quas
645 968 669 1014 in
680 975 747 1016 aetcr·

83 1047 140 1080 num
156 1031 261 1094 perferre,
272 1039 311 1078 aut
325 1032 400 1078 statim
417 1031 501 1085 ulcisci,
512 1031 536 1077 in
552 1033 596 1078 boc
611 1046 689 1094 campo
705 1040 748 1086 est

71 1096 190 1151 ‚Proinde
201 1096 254 1143 ituri
270 1096 294 1141 in
311 1097 388 1150 amn,
399 1103 423 1142 et
439 1096 536 1157 nrarjores
550 1102 639 1144 vestros
654 1104 677 1144 et
693 1113 746 1161 pos·

81 1169 143 1212 teron
153 1158 277 1220 cogitate.”

114 1222 243 1272 XXXIII.
259 1221 378 1285 Excepere
388 1224 510 1270 orationem
525 1223 616 1278 alacres,
627 1230 650 1270 et
660 1226 745 1276 barbari

80 1289 152 1338 moris
178 1295 246 1335 cantu
272 1296 296 1335 et
319 1287 416 1343 fremitu,
442 1288 619 1349 clamoribusque
643 1289 746 1343 dissonis.

80 1353 179 1414 Jamque
195 1353 287 1415 agmina
302 1359 325 1398 et
341 1367 453 1399 armorum
469 1352 575 1414 fulgores,
592 1353 744 1412 audentissimi

80 1419 190 1481 majusque
202 1433 323 1479 procursu:
343 1417 409 1463 simul
423 1418 588 1463 instruebantur
601 1418 674 1475 acies3
691 1433 743 1468 eum

79 1482 196 1545 Agricola,
208 1495 342 1543 quamquam
353 1481 430 1528 laetum
441 1488 465 1528 et
474 1482 514 1528 vix
523 1481 669 1530 munimentis
678 1483 743 1530 coin

65 1548 157 1602 ,citum
174 1547 268 1593 militem
283 1547 418 1601 adhortatus,
434 1547 469 1594 ita
480 1546 597 1594 disseruit:
617 1546 743 1601 “Octavus

77 1627 152 1661 annus
168 1612 392 1667 est-commilitones,
404 1626 433 1657 ex
446 1626 491 1671 quo
507 1611 590 1657 virtute
600 1617 624 1657 et
639 1612 744 1674 auspiciis

78 1676 167 1738 imperii
182 1675 281 1723 Romani
291 1675 335 1722 tide
353 1682 419 1736 atque
433 1671 500 1737 operi
516 1674 592 1723 vestri
602 1675 743 1725 Britanniam

76 1741 177 1788 vicistis:
197 1746 231 1788 tot
247 1741 431 1802 expeditionibus,
443 1747 477 1787 tot
492 1741 584 1800 proeliis,
595 1755 635 1787 seu
651 1741 741 1789 sortitu-

77 1806 130 1853 dine
146 1805 252 1852 adversus
268 1807 351 1858 hostes,
367 1820 406 1851 seu
421 1802 528 1867 patientii
538 1820 564 1852 nc
579 1804 660 1861 labore,
675 1820 742 1868 paene

77 1869 185 1919 adversus
196 1871 265 1932 ipsam
280 1885 354 1916 rerum
366 1876 467 1916 naturam
478 1884 535 1930 opus
544 1869 600 1916 fuit:
620 1885 692 1931 neque
703 1886 741 1919 me

65 1935 181 1988 militum,
199 1950 272 1995 neque
287 1949 328 1981 vos
344 1935 406 1981 ducis
423 1934 535 1996 paenituit.
567 1933 632 1997 Ergo
648 1935 740 1996 egressi,

76 2014 122 2061 ogo
140 2005 243 2046 veterum
265 2000 397 2060 legatorum,
419 2014 462 2048 vot
482 2000 582 2062 priorum
600 2001 739 2047 exercituum

76 2064 192 2119 terminos,
209 2062 277 2110 finem
295 2062 427 2119 Britanniae,
442 2079 488 2110 non
502 2061 569 2118 sami,
584 2079 626 2110 nec
642 2079 739 2121 rumore,

75 2128 116 2175 sed
127 2129 206 2175 castris
217 2136 240 2174 et
250 2129 318 2174 arinis
330 2139 440 2175 tenemus.
473 2126 571 2175 Inventa
580 2127 704 2182 Britannia,
716 2137 740 2176 et

74 2193 173 2240 subacta
205 2191 317 2253 Equidem
329 2209 389 2255 saepe
396 2194 420 2239 in
428 2193 525 2254 agmine,
534 2206 585 2238 cum
596 2207 637 2238 vos
648 2193 740 2252 paludes

74 2263 192 2304 montesve
208 2264 231 2303 et
248 2256 341 2318 flumina
357 2257 483 2321 fatigarent,
499 2256 613 2303 fortissimi
631 2259 739 2318 cujusque

72 2337 143 2367 voces
160 2322 280 2376 audiebam,
298 2322 418 2376 “Quando
435 2322 522 2368 dabitur
537 2320 626 2367 hostis?
648 2321 737 2380 quando

73 2383 165 2432 acies?”
183 2385 292 2441 Veniunt,
303 2387 413 2434 elatebris
421 2388 467 2434 suis
477 2386 574 2432 extrusi:
592 2393 616 2431 et
626 2396 680 2433 vota
691 2385 737 2432 vir·

61 2456 154 2510 ⁴tuaque
168 2450 191 2495 in
207 2459 298 2512 aperto;
316 2453 435 2509 omniaque
444 2465 516 2513 prona
525 2450 654 2504 victoribus,
670 2456 739 2511 atque

71 2514 149 2561 eadem
166 2515 232 2561 victis
250 2515 350 2562 adversa.
381 2515 450 2569 Nam,
470 2523 495 2562 ut
513 2512 630 2575 superisne
648 2521 735 2562 tanturn

72 2578 165 2631 itineris,
179 2579 247 2625 silvas
261 2578 367 2638 semisse,
378 2577 486 2628 transisse
495 2581 609 2638 aestuaria,
617 2579 737 2641 pulchrum

50 2641 212 2700 undenorum
227 2644 383 2709 intrantem,
399 2648 436 2700 ita
446 2642 755 2714 iuq'tentibuspeixubm‘m·

88 2718 140 2753 vos.
152 2723 183 2760 ιι.
480 2759 483 2764 ,
547 2728 572 2762 ι

204 2957 400 2996 mv
410 2922 813 2996 rm!
