1680 3188
81 127 126 170 168
264 117 553 169 SUPPLEMENTUM
631 123 736 166 mnata

80 267 186 314 quaerere.
218 249 277 297 Tum
290 251 317 296 ad
329 250 423 297 Galbam
437 263 565 302 conversus,
577 245 674 295 Videret
684 249 735 310 ipre,

80 333 131 364 cum
149 316 250 377 publicus
267 316 337 362 hostis
357 316 387 361 sit
405 313 474 367 Nero,
492 313 599 359 malletne
618 312 735 361 Vindicem

79 381 177 428 somunae
192 381 314 441 adjutorem
330 379 416 432 habere,
429 393 458 424 an
474 376 564 423 deici
580 376 665 423 bellum
681 378 735 425 iudi·

80 460 132 491 cere
138 462 146 501 ς
163 445 200 505 qui
216 459 267 489 eum
277 443 351 505 potius
365 450 450 505 optaret
463 441 593 504 principem,
603 456 673 502 quem
689 440 736 489 Ne·

82 518 342 636 mllllstyrllturlsmllideri
355 571 432 632 gestiit
443 570 522 623 Galba,
537 570 603 619 senili
618 538 737 619 ambitione

81 646 106 685 et
121 637 232 683 veteribus
246 637 350 697 auguriis,
362 650 454 696 quorum
470 644 535 695 grato
544 634 609 681 durat
623 634 736 693 merum

83 718 98 749 a
114 698 201 749 summi
210 716 250 762 spe
264 715 310 746 nou
325 700 417 746 adeum
449 697 486 744 nli
501 699 568 746 etiam
584 714 639 746 eure
655 700 736 747 dudem

84 768 156 813 inerat
171 765 311 827 popularibus
327 764 405 810 studiis
419 764 505 810 animos
520 770 623 823 captare:
641 778 686 811 nec
699 778 738 826 per

84 838 136 877 octo
153 845 223 876 annos
234 830 280 891 (tot
295 829 355 874 enim
367 827 499 889 Hispaniam
515 826 617 889 regebat)
633 842 738 890 procine-

84 902 159 941 tomm
173 892 287 940 violentiae
301 908 326 938 se
340 907 436 952 uuquam
451 892 670 940 accommodaverat
688 893 740 941 eoli-

84 958 436 1086 militamt?
443 956 739 1084 liltsstilb‘ffi

84 1088 183 1134 carmina
197 1086 278 1147 passim
296 1084 431 1131 circumferri
447 1084 562 1131 recitative
574 1085 667 1147 impune
681 1085 739 1135 feres

84 1152 129 1199 bat.
160 1149 252 1197 Talibus
269 1147 386 1195 imminuti
400 1148 505 1210 principis
519 1150 659 1205 auctoritate,

85 1216 216 1263 intenderat.
248 1212 327 1273 Itaque
342 1214 428 1259 animos
441 1227 493 1259 suas
508 1213 532 1258 in
549 1220 624 1274 partes
639 1214 740 1263 inelium

86 1295 153 1343 posre
162 1286 231 1335 ratris,
243 1276 379 1338 Carthagine
389 1276 458 1324 Novi
470 1277 592 1338 provincie
604 1286 740 1327 convenitne

87 1344 162 1397 edixit,
184 1358 228 1403 quo
244 1342 410 1389 manumissioni
428 1348 523 1388 vacaret.
556 1341 617 1388 Haec
633 1342 742 1391 obtentrd.

88 1407 178 1455 Interea
192 1407 264 1462 amici,
276 1413 301 1452 ut
317 1415 425 1452 cresceret
440 1406 561 1460 celebritas,
576 1404 642 1453 favor
658 1408 742 1455 senaim

85 1474 197 1536 glisceret,
213 1470 294 1546 sginde
310 1468 396 1517 summi
411 1470 498 1530 imperii
512 1470 604 1517 secretis
617 1472 744 1521 rumoribus

87 1533 744 1661 mimilifflltllotlllllllbi‘

121 1661 166 1727 [At
176 1664 219 1718 ille,
231 1664 267 1709 ubi
282 1664 393 1711 silentium
403 1663 463 1718 fecit,
475 1663 597 1718 Neronem,
608 1667 646 1727 qui
661 1666 746 1715 seelera

88 1729 207 1777 sceleribus
222 1736 356 1782 contexeret,
368 1744 410 1775 nec
423 1728 466 1775 nisi
476 1744 516 1790 per
528 1728 615 1791 flagitia
627 1738 651 1777 et
666 1730 746 1779 sunere

88 1794 246 1847 dominaretur,
267 1793 397 1849 insectatus,
416 1793 488 1839 subito
508 1794 536 1840 ad
556 1794 745 1843 nobilissimorum

88 1871 227 1919 quorumque
245 1858 287 1903 hoc
308 1857 431 1919 principatu
448 1858 607 1905 trucidatorum
627 1860 746 1922 imagine,

88 1922 157 1982 longo
169 1921 245 1968 ordine
255 1922 377 1982 dispositas,
390 1922 462 1977 vertit,
477 1932 501 1969 et
513 1925 628 1984 geminato
638 1924 709 1971 enimi
719 1940 746 1973 ac

88 1987 151 2033 vocis
158 1986 242 2041 ardore,
254 1986 328 2033 “Non
337 1985 417 2040 meis,”
424 1987 501 2047 inquit,
512 1994 526 2016 ‘⁶
531 1989 610 2042 verbis,
618 1990 657 2035 sed
665 1992 747 2038 vestris

88 2050 160 2097 oculis
182 2050 297 2099 Neronem
320 2052 456 2111 cognoscite.
487 2050 676 2114 Contemplamini
697 2055 746 2115 pal-

89 2116 161 2163 lentes
172 2124 205 2163 tot
212 2114 328 2164 Caesarum
339 2115 423 2171 vultus,
429 2114 528 2161 Neronis
537 2124 631 2176 patrem,
642 2126 744 2175 matrem,

90 2195 190 2231 uxorem,
200 2178 298 2232 fratrem,
311 2194 417 2232 sororem,
431 2181 528 2233 amitam,
539 2182 681 2241 propinquos,
696 2184 745 2229 affi-

89 2260 136 2298 nes,
148 2258 241 2296 veueuo,
255 2242 323 2299 ferro,
337 2244 439 2289 omnibus
451 2244 529 2290 mortis
542 2246 661 2306 generibus
672 2248 745 2294 subla·

90 2314 126 2354 tos
142 2307 171 2353 ob
181 2307 277 2353 rabidam
288 2308 395 2370 regnandi
411 2309 543 2369 cupidinem·
576 2307 747 2371 circumspicite

89 2370 197 2427 Burrum,
217 2370 361 2429 lateranum,
380 2371 507 2428 Vestinum,
526 2372 553 2421 C.
565 2371 677 2429 Cassium,
697 2374 746 2422 Lu·

88 2437 147 2483 cium
162 2434 275 2493 Veterem,
292 2443 315 2483 et
331 2445 366 2484 tot
381 2436 450 2484 Urbis
462 2440 576 2498 primores,
588 2439 615 2485 ad
632 2441 747 2488 servitutis

88 2500 210 2546 subsidium
234 2501 317 2547 crudeli
337 2501 383 2548 fato
405 2510 523 2564 peremtos.
558 2502 648 2557 Vestra,
672 2514 748 2553 vestra

89 2563 162 2611 videte
175 2565 273 2628 ingenia,
292 2567 407 2613 Annaeum
426 2567 543 2616 Senecam.
556 2568 670 2628 sapientiae
686 2584 746 2629 orte·

61 2634 198 2768 *morem
213 2639 237 2683 et
250 2632 394 2697 exemplum,
404 2632 525 2683 aduam
530 2630 764 2686 Lucumonem
