1680 3188
139 472 173 516 so
225 465 417 518 suasurum
433 424 664 516 asturienses.
684 467 801 510 oceo.

138 626 163 676 U
175 628 202 679 G
210 634 258 678 303
319 596 414 645 LXIV.
421 597 457 645 M.
463 596 550 653 Asinio,
556 597 637 644 Manio
644 595 803 657 Anuocoss,

147 661 170 744 δ’
179 693 208 744 0
215 663 266 743 55⁶
297 664 444 712 mutationem
459 678 534 715 rerum
544 663 568 708 in
579 663 676 710 deterius
687 664 799 726 portendi,

165 729 171 742 ¹
248 730 254 743 '
297 729 413 790 cognitum
420 735 456 776 est
465 729 548 774 crebris
558 728 673 790 prodigiis.
689 728 761 790 Signa
772 745 799 776 ac

136 795 234 841 tentoria
239 793 335 840 militum
342 793 396 855 igne
401 793 488 840 coeiesti
494 790 575 839 arsdre.
585 792 687 856 Fastigio
692 791 799 854 Capitolii

136 873 232 906 examen
237 859 313 920 apium
321 859 419 916 insedit;
429 858 535 905 bisannas
545 858 661 907 bominum
670 865 762 920 partus3
775 867 799 907 et

137 924 184 970 suis
201 923 272 971 fetum
284 924 376 977 editum,
390 924 426 970 eui
437 923 567 986 accipitrum
583 938 671 986 ungues
689 923 797 972 inessent.

137 988 305 1036 Numernbatur
321 989 379 1035 inter
394 995 484 1036 ostenta
497 988 625 1035 deminutus
636 988 737 1035 omnium
747 1003 797 1035 ma-

136 1044 272 1116 gistratuum
289 1069 410 1111 numerus;
427 1059 546 1115 quaestore,
569 1053 634 1108 sedili,
651 1053 747 1106 tribuno,
770 1068 798 1101 ac

134 1127 231 1180 praetore
246 1125 269 1166 et
284 1118 383 1173 conside,
394 1133 478 1180 paucos
494 1119 553 1164 intra
568 1132 663 1173 menses,
680 1117 799 1167 defimctis.

135 1184 181 1230 Sed
192 1184 215 1230 in
226 1183 339 1245 praecipuo
355 1197 440 1245 pavore
456 1183 589 1244 Agrippina,
606 1197 684 1229 vocem
701 1181 804 1240 Claudii,¹

133 1263 200 1309 quam
214 1248 351 1295 temulentus
363 1249 456 1310 Jecerat,
473 1246 553 1295 Fatale
568 1247 616 1303 sibi,
632 1255 658 1294 ut
674 1247 797 1310 conjugum

134 1311 221 1374 flagitia
231 1311 306 1367 ferret,
324 1313 375 1359 dein
390 1313 487 1374 puniret,
498 1318 608 1366 metuens,
625 1327 693 1375 agere
703 1319 726 1358 et
737 1313 797 1359 cele-

134 1392 184 1424 rare
196 1377 281 1432 statuit,
290 1375 377 1439 perditi
386 1378 448 1439 prius
463 1373 568 1424 Domitia
578 1376 670 1438 Lepida,
681 1377 797 1424 muliebri·

134 1442 176 1488 bus
195 1443 283 1490 causis:
302 1444 354 1504 quia
370 1441 463 1505 Lepida,
485 1443 572 1489 minore
592 1438 693 1489 Antoniis
711 1443 796 1503 genita,

134 1507 247 1555 avunculo
269 1504 382 1570 Augusto,
409 1508 542 1571 Agrippinae
567 1507 655 1554 sobrina
680 1507 747 1570 prior,
770 1522 797 1555 sc

134 1570 200 1630 Coei,
212 1573 285 1621 mariti
296 1574 350 1635 ejus,
362 1588 432 1626 soror,
442 1588 519 1634 parem
530 1572 571 1619 sibi
582 1571 734 1618 claritudinem
746 1569 803 1621 crea¹

133 1639 214 1685 debat:
233 1653 275 1685 nec
290 1637 369 1692 forma,
380 1645 441 1692 aetas,
453 1653 507 1700 opes
518 1637 614 1683 muitum
629 1637 756 1693 distabaut3
773 1645 797 1685 et

133 1697 227 1764 utraque
248 1703 366 1763 impudica,
390 1701 485 1758 infamis,
510 1702 616 1756 violenta,
639 1702 697 1748 haud
721 1703 796 1750 minus

132 1769 193 1833 vitiis
204 1767 371 1820 aemulabantur,
382 1781 448 1827 quam
460 1766 479 1813 si
490 1782 535 1828 qua
545 1781 574 1814 ex
588 1763 680 1813 fortunia
689 1766 795 1833 prospera

132 1839 270 1892 acceperant.
302 1831 428 1878 Enimvero
444 1838 558 1879 certamen
571 1832 711 1887 acerrimum,
726 1833 795 1879 amita

132 1896 206 1958 potius
224 1911 253 1942 au
267 1902 339 1943 mater
356 1896 414 1958 apud
429 1895 545 1943 Neronem
563 1896 701 1957 praevaleret.
732 1895 794 1944 Nam

133 1959 220 2023 Lepida
229 1961 387 2007 blandimentis
405 1968 429 2006 et
443 1960 598 2022 largitionibus
609 1960 802 2025 juvenilemlaniss‘

106 2028 110 2040 ¹
133 2040 194 2072 mum
207 2026 351 2079 devinciebat,
363 2025 420 2071 truci
431 2033 511 2072 eontra
524 2041 551 2072 ac
563 2026 645 2073 minaci
657 2025 792 2087 Agrippind,

131 2105 183 2152 qnae
193 2089 239 2137 filio
256 2091 308 2137 dare
318 2091 442 2153 imperium,
459 2091 555 2137 tolerare
573 2092 736 2154 imperitantem
750 2105 792 2138 ne·

147 2155 213 2203 uibst.
766 2169 769 2173 ’

130 2170 242 2267 qLXV.
260 2220 376 2270 Caeterum
398 2223 484 2285 objecta
501 2231 560 2279 sunt,
582 2223 642 2283 quod
660 2223 791 2284 conjugium

130 2284 236 2351 principis
255 2286 411 2334 devotionibus
435 2288 559 2350 petivisset,
581 2287 691 2348 quodque,
712 2301 789 2349 parurn

129 2349 232 2396 coiircitis
242 2365 282 2412 per
293 2349 420 2400 Calabriam
431 2367 547 2399 servorum
564 2352 696 2414 agminibus,
713 2366 785 2413 paceu

130 2411 320 2462 Italiaeturbaret.
351 2417 388 2464 Ob
398 2419 448 2464 baec
462 2433 523 2464 mors
537 2417 625 2473 indicta,
644 2416 741 2462 muitum
752 2416 779 2463 sd

128 2475 233 2526 versante
244 2479 359 2536 Narcisso,
370 2482 415 2543 qui,
427 2482 575 2544 Agrippinam
586 2482 660 2543 magis
674 2482 775 2544 magisqn

128 2547 399 2608 suspectans'promsiase
409 2548 468 2593 inter
483 2547 598 2609 proximos
613 2546 731 2600 ferebatur,
743 2560 769 2592 ce

129 2617 175 2656 tam
184 2611 225 2656 sibi
236 2612 364 2672 perniciem,
376 2626 416 2658 seu
424 2611 570 2659 Britannicus
581 2627 662 2664 rerum,
674 2626 714 2656 seu
726 2608 764 2656 Ne

120 2675 250 2732 potiretur:
270 2691 349 2723 rerum
367 2677 399 2723 ita
418 2677 446 2723 de
464 2691 489 2723 se
503 2677 608 2723 meritum
626 2674 748 2730 Caesarem,

111 2737 183 2780 vitem
196 2741 252 2785 usui
258 2742 312 2789 e'us
320 2742 473 2806 impenderet.
499 2741 638 2793 convictam
645 2739 755 2787 atessam

93 2800 122 2836 ⁸²
132 2792 228 2872 mm·
288 2823 342 2855 ares
353 2810 442 2858 iterum
455 2811 585 2860 accusandi
595 2822 680 2858 causas
696 2817 750 2852 esse

74 2852 349 2941 Nff'ofqpam'tame
360 2878 532 2930 'Bn'tannico
553 2887 703 2929 successore,
718 2883 746 2916 su

50 2921 190 2982 Imm
211 2941 351 3000 meretum,
380 2945 427 3011 uc]
462 2960 588 2998 novercas
607 2932 742 2992 insidiisl

47 2981 158 3033 ‘’mnem
173 3004 298 3069 ⁰⁰¹¹''effls
318 3015 424 3080 majore
437 3015 559 3084 flagitio,
583 3022 662 3077 quam
679 3002 736 3051 §sin
