1680 3188
194 122 245 172 Du
261 121 491 173 ORATORIBUS.
507 122 615 173 Caeso.
688 125 736 169 265

54 256 103 307 ,aad
115 254 236 302 ambitione
247 254 415 313 salutationum,
433 262 457 301 et
472 253 582 301 illecebris
597 251 739 299 adulationis.

63 320 168 367 Transeo
189 320 262 382 prima
280 319 413 367 fflscendm
432 319 549 373 elementa,
571 318 595 365 in
616 317 695 378 quibus
714 321 739 363 et

63 385 119 449 ipsis
137 399 215 446 param
237 384 376 433 elaboratur:
402 384 485 433 necin
500 383 627 431 auctoribus
649 395 737 443 cogno-

64 450 163 505 scendis,
177 464 219 497 nec
232 449 258 496 in
268 447 395 497 evolvendi
405 449 543 510 antiquitate.
561 464 603 495 nee
618 448 642 494 in
657 442 739 493 notitii

61 515 101 562 vel
112 529 195 571 sertim
206 514 244 562 vel
254 515 378 570 hominum,
389 514 426 562 vel
440 521 573 576 temporum,
590 513 645 560 ratis
661 525 739 573 operae

64 579 194 627 insumitur.

96 643 183 691 XXX.
200 644 269 692 “Sed
283 650 425 706 expetuntur,
442 658 498 705 quos
516 645 620 690 rhetoras
638 646 736 698 vocant3

65 724 162 772 quorum
172 708 283 773 professio
293 709 383 770 quando
393 710 490 770 primum
501 709 525 755 in
536 709 594 754 hanc
603 706 690 754 Urbem
701 707 737 751 in·

63 774 168 822 troducta
187 774 223 828 sit,
240 788 352 835 quamque
367 773 451 821 nullam
467 773 526 835 apud
536 773 632 835 majores
649 778 739 818 nostros

65 839 221 887 auctoritatem
237 838 346 893 habuerit,
367 839 442 886 statim
459 838 565 892 dietum
583 836 677 884 referam
695 850 736 882 ne·

64 919 128 953 cesse
139 910 178 951 est
190 905 290 951 animum
295 900 330 950 'ad
341 918 390 951 eam
406 903 552 964 disciplinam,
569 899 615 963 qui
625 917 678 949 usos
688 915 739 947 esse

58 983 105 1016 eos
126 975 228 1016 oratores
248 968 382 1029 occepimus,
401 984 496 1031 quorum
515 966 615 1014 infinitus
636 967 699 1013 labor
714 972 738 1013 et

64 1033 195 1095 quotidiana
211 1033 335 1088 meditatio,
354 1040 377 1080 et
392 1035 417 1079 in
434 1033 496 1080 omni
512 1047 596 1094 genere
612 1032 736 1078 studiorum

58 1098 245 1153 exercitationes,
256 1098 357 1161 ipsorum
368 1099 436 1145 etiam
446 1098 591 1145 continentur
598 1097 667 1143 libris.
684 1095 736 1143 No·

64 1170 148 1211 tuaest
162 1163 227 1210 vobis
237 1163 315 1223 utique
327 1161 445 1213 Ciceronis
455 1163 517 1219 liber,
532 1164 571 1224 qui
590 1165 683 1211 aneso
698 1161 734 1208 in·

62 1226 181 1285 scribitur;
198 1229 222 1275 in
233 1228 297 1291 cujus
313 1226 414 1276 extremi
428 1235 499 1290 parte,
515 1228 579 1291 (nam
596 1228 658 1289 prior
673 1241 737 1272 corn-

59 1293 251 1343 memcratlonem
269 1301 372 1341 veterum
383 1299 497 1340 oratorum
513 1290 591 1353 habet)
611 1307 651 1339 sua
666 1292 736 1345 initia,

63 1373 117 1405 suos
127 1357 219 1420 gradus,
235 1373 283 1406 ruse
299 1359 435 1419 eloquentie
446 1358 509 1405 velut
524 1358 642 1419 quamdam
654 1357 735 1404 educa·

63 1424 149 1471 tionem
161 1421 244 1470 refert:
264 1438 289 1470 se
306 1424 364 1486 apud
383 1423 526 1478 Q.Mucium
540 1424 580 1486 jus
596 1423 663 1469 civile
679 1421 736 1468 didi·

62 1489 135 1545 closer
153 1488 212 1550 apud
222 1487 342 1536 Philonem
353 1488 523 1544 Academicum,
540 1489 598 1551 apud
609 1487 738 1535 Diodotum

64 1553 169 1601 Stoicum
179 1568 259 1601 omnes
269 1553 417 1615 philosophiae
428 1560 502 1616 partes
512 1554 602 1616 penitus
617 1553 734 1601 hausisse:

63 1633 137 1679 neque
147 1617 183 1665 his
193 1619 322 1666 doctoribus
332 1626 470 1675 contentum,
487 1634 583 1680 quorum
598 1619 618 1666 ei
633 1619 698 1680 copia
712 1617 736 1664 in

64 1682 131 1731 Urbe
141 1683 277 1746 contigerat,
295 1683 405 1731 Achaiam
422 1699 512 1746 quoque
530 1691 553 1731 et
575 1683 654 1731 Asiam
670 1697 736 1744 pera·

61 1745 150 1810 grisse.
166 1755 193 1795 ut
208 1764 299 1796 omnem
316 1750 417 1798 omnium
433 1750 514 1796 artium
530 1749 661 1796 varietatem
671 1763 735 1795 com·

63 1813 206 1876 plecteretur.
240 1812 328 1876 Itaque,
340 1813 449 1870 Hercule,
462 1815 555 1862 inlibris
567 1811 684 1863 Ciceronis
696 1813 735 1860 de
800 1814 803 1821 '

62 1878 202 1940 prehendere
217 1878 277 1934 licet,
292 1895 339 1927 non
354 1880 493 1942 geometriae,
511 1895 557 1928 non
574 1879 672 1933 musicae,
690 1893 737 1927 non

61 1943 225 2006 grammaticae,
237 1959 284 1991 non
295 1945 391 2006 denique
401 1944 468 1993 ullius
478 1945 585 2007 ingenuae
592 1945 647 1991 artis
663 1944 736 1991 scien·

62 2008 118 2055 tiam
140 2008 162 2056 ei
183 2008 289 2057 defuisse.
320 2008 364 2057 llle
385 2008 507 2057 dialecticae
529 2010 680 2064 subtilitatem,
700 2009 739 2058 ille

62 2072 155 2121 moralis
165 2074 236 2135 partis
246 2075 371 2131 utilitatem,
383 2075 422 2127 ille
432 2089 507 2122 rerum
518 2086 594 2123 motus
607 2089 737 2135 musasque,

62 2137 181 2200 coguovit.
214 2136 252 2187 Ita
267 2140 328 2188 enim
350 2146 392 2196 est,
410 2140 489 2203 optimi
504 2141 562 2188 viri:
582 2141 613 2188 ita
624 2155 654 2187 ex
663 2139 736 2187 multi

63 2202 197 2259 eruditione,
216 2218 246 2251 ex
267 2205 367 2269 pluribus
385 2206 476 2262 anthus,
495 2213 519 2252 et
541 2205 641 2253 omnium
660 2211 736 2251 rerum

59 2264 163 2324 scimea
175 2269 275 2318 exundat
285 2277 309 2318 et
319 2271 426 2319 exuberat
436 2271 475 2318 illa
486 2270 619 2318 admirabilis
627 2269 735 2331 eloquen-

59 2332 109 2383 ria:
129 2347 204 2394 neque
219 2337 315 2384 oratoris
331 2336 366 2384 vis
376 2343 400 2383 et
409 2335 510 2393 facultas,
528 2337 586 2384 siout
602 2344 735 2382 ceterarum

60 2412 145 2454 rerum,
156 2400 259 2460 angustis
277 2406 302 2449 et
316 2402 420 2449 brevibus
436 2402 538 2449 tenninis
554 2401 679 2457 clauditur;
696 2399 736 2447 sed

60 2463 81 2511 is
92 2469 128 2511 est
136 2471 219 2519 orator,
231 2466 268 2526 qui
281 2467 310 2514 de
320 2467 382 2514 omni
389 2468 514 2527 questione
521 2468 613 2529 pulchre
623 2473 646 2512 et
657 2473 736 2511 ornate

61 2534 85 2575 et
96 2528 125 2575 ad
135 2529 314 2591 persuadendum
325 2539 379 2594 apte
388 2532 468 2589 dicere,
480 2547 521 2594 pro
532 2532 642 2597 dignitate
653 2545 734 2585 rerum,

60 2592 90 2641 ad
100 2593 222 2643 utilitatem
240 2602 375 2663 temporum,
390 2612 444 2647 cum
458 2598 579 2662 uoluptate
591 2596 758 2646 adunatim·

52 2657 136 2718 ms
