1680 3188
130 374 178 417 242
258 370 308 420 DE
322 370 551 421 ORATORIBUS.
573 369 665 422 emti.

129 515 191 549 nunc
206 503 311 556 numeris,
328 502 406 550 iisdem
425 501 547 549 rationibus
561 516 687 564 persequar,
705 507 792 549 servato

130 566 208 612 ordine
218 566 385 628 disputationis:
405 566 629 627 nequeenimdeluit,
637 567 675 628 qui
683 566 791 613 diversam

131 645 219 691 quoque
234 643 319 692 purtem
335 631 466 692 susciperet,
476 646 509 685 ac,
520 631 615 677 multum
631 628 714 677 vexati
724 637 748 677 et
763 631 792 675 in·

131 694 176 741 risi
184 703 301 750 vetustate,
311 704 439 742 nostrorum
447 700 573 758 temporum
587 695 739 756 eloquentiam
753 709 792 741 an-

131 759 244 820 tiquorum
256 760 352 821 ingeniis
362 758 489 806 anteferret.

164 820 198 870 II.
215 823 276 871 Nam
291 831 381 887 postero
397 824 441 877 die,
456 838 524 885 quam
542 821 656 871 Curiatius
673 822 793 869 Maternus

133 884 244 935 Catonern
260 890 399 943 recitaverat,
410 903 462 934 oum
473 886 592 935 offendisse
602 888 729 949 potentium
745 887 792 933 ani·

132 965 182 999 mos
196 953 312 1008 diceretur,
324 961 436 1014 tamquam
447 953 470 998 in
482 968 509 998 co
520 952 638 1014 tragoediae
652 960 794 1014 argumento,

131 1016 167 1062 eui
184 1018 271 1072 oblitus,
283 1025 369 1064 tantum
380 1015 491 1064 Catonem
505 1015 634 1078 cogitisset,
645 1014 717 1077 eique
728 1016 756 1063 de
771 1031 795 1063 re

131 1095 172 1142 per
187 1080 273 1128 Urbem
289 1081 393 1143 frequens
409 1096 484 1127 sermo
500 1081 624 1135 haberetur,
640 1079 794 1127 veneruntad

131 1159 183 1190 eum
201 1144 236 1191 M.
249 1146 311 1207 Aper
326 1154 350 1192 et
362 1145 437 1194 Julius
454 1145 577 1198 Secundus,
587 1144 734 1193 celeberrima
748 1151 794 1191 turn

133 1208 225 1269 ingenia
237 1209 280 1257 fori
292 1210 375 1256 nostri:
394 1224 450 1270 quos
461 1224 506 1271 ego
522 1208 546 1254 in
556 1208 649 1272 judiciis
658 1220 707 1257 non
722 1216 795 1257 utro*

133 1287 177 1333 que
188 1274 255 1321 modo
266 1275 365 1321 studiose
378 1274 499 1328 audiebam,
511 1274 550 1320 sed
561 1274 622 1320 domi
632 1289 724 1336 quoqne
734 1282 759 1322 et
771 1274 794 1320 in

132 1337 221 1398 publico
231 1340 361 1393 assectahar,
369 1336 427 1385 miri
433 1337 558 1386 studiorum
569 1338 698 1400 cupiditate,
706 1346 730 1386 et
740 1354 795 1401 quo·

133 1401 185 1448 darn
196 1403 274 1450 ardore
279 1402 382 1466 juvenili,
393 1408 419 1449 ut
431 1401 517 1451 fabriles
526 1419 616 1466 quoque
625 1418 706 1451 eorum
717 1410 742 1451 et
750 1403 795 1450 dir·

132 1467 260 1527 potationes
276 1475 300 1514 et
309 1482 390 1516 aroana
403 1474 497 1515 semotae
512 1467 617 1515 dictionis
626 1468 719 1530 penitius
735 1467 795 1515 exei-

131 1545 222 1592 perem:
241 1532 343 1593 quamvis
358 1531 458 1595 maligne
472 1532 572 1593 plerique
588 1533 740 1594 opinarentur,
755 1546 797 1579 neo

133 1594 238 1643 Secundo
249 1604 363 1659 promtum
370 1612 421 1645 esse
431 1612 565 1652 sermonem,
573 1604 597 1643 et
607 1598 698 1659 Aprum
705 1596 796 1658 ingenio

131 1660 207 1721 potius
223 1669 247 1709 et
262 1662 286 1708 vi
301 1669 394 1716 natruae,
405 1677 473 1729 (μορ
483 1662 624 1709 institutione
637 1668 662 1708 et
676 1661 755 1715 literis,
766 1660 798 1707 la·
815 1668 818 1673 '

133 1736 194 1771 marn
216 1726 350 1787 eloquentiae
373 1733 527 1775 consecutum.
563 1724 624 1773 Nam
646 1733 670 1773 et
693 1725 797 1773 Secundo

132 1805 202 1851 purus
212 1797 235 1836 et
244 1806 341 1853 pressus,
354 1797 385 1846 et,
394 1792 418 1837 in
430 1798 538 1852 quantum
552 1790 607 1837 antia
617 1797 672 1847 erat,
683 1788 797 1853 profluent

131 1869 206 1902 sermo
217 1869 263 1901 non
274 1854 357 1902 deluit:
377 1864 400 1903 et
412 1856 480 1917 Aper,
492 1850 606 1903 communi
618 1854 746 1902 eruditione
755 1854 797 1919 im·

131 1919 205 1973 butus,
224 1921 381 1967 contemnebat
400 1921 475 1982 potius
493 1921 576 1973 literas,
594 1934 661 1981 quam
676 1918 797 1971 nesciebat,

132 1990 246 2044 tamquam
257 1985 364 2047 majorem
374 1985 490 2031 industriae
503 1992 527 2031 et
536 1984 618 2031 laboris
627 1983 724 2047 gloriam
736 1974 797 2031 habi·

133 2055 203 2102 turus,
215 2049 235 2094 si
251 2049 367 2112 ingenium
382 2051 430 2113 ejus
441 2050 509 2096 nullia
522 2048 645 2096 abonorum
656 2050 740 2095 artium
758 2048 797 2095 ad·

133 2111 245 2159 miniculis
255 2114 320 2159 inniti
332 2114 451 2160 videretur.
484 2112 566 2176 Igitur,
577 2120 604 2160 ut
613 2113 747 2160 intravimus
758 2127 797 2159 cu-

131 2176 229 2224 biculum
245 2176 352 2243 Materni,
369 2179 485 2225 sedentem
499 2180 579 2241 ipsum,
595 2185 625 2233 et,
643 2193 712 2238 quem
728 2176 797 2240 pridie

132 2242 270 2298 recitaverat,
290 2243 369 2292 librum
391 2244 450 2290 intro
471 2258 552 2291 manus
573 2243 700 2299 habentem,
720 2243 797 2305 depre·

134 2306 259 2354 hendimus.

165 2368 214 2418 ΙΙΙ.
231 2370 292 2419 Tum
309 2370 433 2427 Secundus,
451 2378 465 2401 “
477 2370 547 2418 Nilne
558 2368 606 2427 te,''
624 2370 703 2432 inquit,
722 2362 790 2418 “Ma

133 2441 203 2491 terne,
215 2435 296 2484 fabulae
303 2437 452 2500 malignorum
465 2445 555 2492 terrent,
564 2452 608 2497 quo
619 2437 695 2483 minus
703 2434 786 2497 offensa

135 2498 230 2547 Catonis
246 2501 278 2547 tui
290 2503 368 2549 ames?
385 2502 424 2549 An
439 2502 489 2548 ideo
502 2502 584 2550 libmm
594 2502 663 2548 istum
674 2500 783 2563 apprehen

133 2562 192 2619 disti,
209 2572 234 2612 ut
252 2565 381 2627 diligentius
398 2575 536 2621 retractares,
554 2575 577 2612 et
593 2566 691 2629 sublatis,
711 2566 731 2611 si
749 2579 778 2627 qu

133 2644 225 2690 pravam
243 2630 400 2694 interpretandi
417 2632 533 2678 materiam
550 2630 676 2695 dederunt,¹
686 2630 775 2676 emitter

133 2690 252 2748 Catonem,
269 2712 315 2743 non
333 2696 423 2757 quidem
442 2694 563 2751 meliorem,
579 2690 620 2741 aad
637 2703 714 2757 tamen
734 2709 770 2743 aec

132 2756 217 2805 riorem
226 2758 254 2805 ?'’

158 2822 219 2873 Turn
232 2825 277 2883 ille,
291 2832 305 2856 “
314 2810 394 2893 Leg'es
405 2833 439 2885 tu,
449 2814 632 2890 quidbl'ateinus
641 2812 684 2869 sibi
693 2814 762 2870 dcb'ue

109 2893 139 2935 et
147 2904 276 2959 agnosces,
290 2912 347 2963 quae
357 2891 455 2947 audisti
490 2890 597 2961 Quadi*
605 2884 759 2953 ammi<
