1680 3188
60 116 161 161 scos.
197 110 391 161 ANNALIUM
402 110 650 162 Lu.Xv1.css.15.
683 116 729 160 iss

62 247 180 294 vehantur.
214 242 309 293 Cladem
318 242 495 305 Lugdunensem
507 243 639 306 quadragies
647 249 730 291 sester-

63 312 95 359 tio
104 311 194 357 solatus
210 315 245 356 est
255 310 365 371 princeps,
383 316 408 354 ut
424 308 506 355 amissa
521 308 569 354 urbi
579 313 729 370 'reponerents

63 390 130 452 quam
141 374 261 436 pecunim
272 371 438 434 Lugdunenses
449 379 502 420 ante
512 372 644 429 obtulerant,
661 371 733 421 turbi-

64 440 217 552 MXcl'dM‘O·
222 501 339 557 Suetonio,
350 499 489 549 LTelesino
498 499 570 557 Coss..
604 532 636 581 U·
642 530 732 582 0820·

65 568 182 618 Antistius
189 567 416 622 Sosianuafsctitatis
422 568 446 614 iu
453 565 571 614 Neronem

64 634 202 680 carminibus
221 632 342 694 probrosis,
365 631 450 685 exsilio,
471 638 498 678 ut
516 625 569 686 dixi,
612 595 671 647 Μ·
683 600 722 646 ⁶⁷⁸

64 699 181 752 multatus,
202 703 328 759 postquam,
350 696 374 742 id
395 696 485 743 bonoris
503 695 617 750 indicibus,
640 702 731 756 tamque

65 770 181 826 promtum
189 762 219 809 ad
229 760 302 808 caedes
309 761 439 823 principem,
450 761 541 821 accepit,
553 760 640 821 inquies
648 761 730 816 animo,

64 836 88 876 et
98 828 245 876 occasionum
256 826 315 872 haud
324 826 406 888 segnis,
418 825 572 880 Pammenem,
579 825 678 887 eJ'usdem
686 824 732 872 loci

65 893 169 941 exsulem
178 899 201 939 et
210 889 367 939 Chaldaeorum
377 897 424 937 arte
434 888 552 944 famosum,
564 905 636 950 eoque
646 890 730 938 multo-

65 973 116 1005 rum
124 957 231 1004 amicitiis
241 957 357 1009 innexum,
368 954 512 1002 similitudine
521 954 620 1001 fortunae
627 955 667 1001 sibi
675 971 730 1002 con·

65 1023 134 1070 cilist.
169 1020 288 1068 Ventitare
298 1021 327 1066 ad
341 1035 393 1066 eum
409 1021 500 1066 nuntios
517 1027 540 1065 et
554 1020 731 1068 consultationes

65 1103 114 1135 non
121 1086 206 1133 frustra
213 1092 281 1140 ratus,
291 1085 357 1133 simul
364 1100 460 1131 annuam
468 1085 605 1145 pecunisma
614 1084 641 1130 P.
646 1084 730 1132 Anteio

64 1152 188 1199 minisuari
200 1152 324 1212 cognoscit.
357 1149 439 1210 Neque
449 1149 549 1195 nescium
564 1149 663 1202 habebat,
680 1150 732 1195 An-

64 1218 137 1264 teium
155 1216 247 1262 caritate
262 1215 394 1276 Agrippinae
409 1215 506 1260 invisum
524 1212 618 1269 Neroni,
635 1229 733 1274 opesque

64 1283 115 1344 ejus
138 1280 261 1343 praecipuss
280 1280 308 1326 ad
329 1278 459 1325 eliciendam
482 1277 614 1340 cupidinem,
637 1293 731 1338 eumque

65 1360 158 1394 musam
170 1344 247 1391 multis
257 1344 327 1390 exitio
338 1359 396 1391 esse.
426 1341 506 1405 igitur,
518 1343 647 1403 interceptis
653 1341 732 1388 Anteii

64 1411 144 1464 literis,
164 1409 251 1455 furatus
269 1409 336 1454 etism
354 1408 447 1462 libellos,
466 1408 546 1468 quibus
564 1407 611 1453 dies
627 1406 733 1468 genitalis

66 1478 86 1523 e'
131 1481 156 1520 et
171 1481 287 1527 eventura,
302 1474 394 1520 secretis
411 1472 540 1520 Pammenis
556 1472 731 1528 occultabantur,

65 1540 135 1589 simul
146 1539 246 1601 repertis,
263 1552 315 1598 quse
326 1538 354 1583 de
365 1544 416 1584 ortu
425 1536 517 1600 sitique
528 1537 612 1585 Ostorii
629 1536 733 1598 Scapulae

64 1604 193 1668 composita
202 1609 273 1658 erant,
290 1603 365 1650 scribit
379 1602 407 1649 ad
423 1603 551 1665 principem,
567 1617 652 1664 magna
662 1617 692 1655 se,
710 1608 734 1650 et

65 1682 119 1732 quae
130 1668 278 1716 incolumitati
288 1668 337 1730 ejus
348 1667 506 1724 conducerent,
517 1667 642 1721 allaturum,
654 1667 673 1712 si
681 1667 732 1713 bre-

65 1750 120 1783 vem
137 1733 211 1799 exsilii
223 1733 316 1780 *veniam
331 1731 508 1793 impetravisset:
527 1733 608 1793 quippe
623 1731 733 1778 Anteium

67 1808 93 1847 et
104 1799 221 1848 Ostorium
232 1798 349 1844 imminere
360 1798 431 1850 rebus,
449 1803 472 1842 et
483 1811 523 1843 sua
535 1795 677 1857 Caessrisquc
686 1793 734 1843 fata

67 1865 171 1912 scrutari.
203 1863 265 1910 Exin
281 1863 357 1909 missae
371 1862 493 1917 liburnica,
510 1861 669 1922 advehiturque
680 1877 732 1922 pro·

66 1944 122 1991 pere
134 1928 256 1975 Sosianus:
276 1942 309 1982 ac,
325 1927 419 1988 vulgato
433 1927 482 1988 ejus
495 1927 584 1979 indicio,
600 1927 659 1973 inter
670 1924 732 1971 dum·

67 2001 136 2041 natos
150 1993 230 2054 magis,
246 2007 312 2052 quun
328 1993 386 2038 inter
403 2007 459 2046 reos,
477 1991 573 2037 Anteius
586 1985 734 2050 Ostoriusque

67 2059 223 2105 habebantur:
243 2057 299 2103 adeo
314 2065 339 2103 ut
353 2062 511 2103 testamentum
527 2055 606 2101 Anteii
616 2069 682 2102 nemo
694 2055 733 2101 ob·

68 2124 177 2184 signaret,
190 2121 231 2168 nisi
242 2119 370 2183 Tigellinus
380 2128 458 2168 auctor
468 2120 598 2165 exstitisset.
629 2118 735 2167 Monitns

67 2189 133 2250 prius
143 2187 247 2240 Anteius,
264 2193 289 2232 ut
300 2201 414 2247 supremas
430 2184 516 2231 tabulas
527 2190 656 2231 moraretur.
690 2183 734 2229 At-

67 2269 114 2314 que
125 2251 170 2306 llle,
186 2253 374 2305 haustoseneno,
391 2249 517 2297 tarditatem
529 2251 577 2312 ejus
587 2263 687 2311 perosus,
698 2249 734 2294 in·

69 2317 158 2364 tercisls
169 2316 239 2369 venis,
256 2322 352 2362 mortem
364 2316 524 2376 approperavit

104 2381 162 2427 XV.
180 2380 284 2429 Ostorius
302 2380 432 2442 longinquis
450 2381 474 2426 in
497 2380 564 2441 agris,
586 2378 645 2440 apud
667 2376 735 2425 finem

69 2445 191 2508 Ligurum,
208 2445 231 2492 id
241 2446 349 2506 temporis
359 2452 420 2492 erat:
443 2460 470 2492 eo
480 2445 563 2490 missus
574 2443 681 2496 centurio,
699 2441 738 2504 qui

69 2512 157 2561 caedem
168 2511 216 2572 ejus
227 2515 355 2558 maturaret.
389 2507 465 2557 Causa
471 2508 590 2555 festinandi
603 2523 667 2555 exeo
678 2507 737 2555 orie·

68 2577 142 2631 batur,
159 2573 220 2635 quod
231 2573 336 2622 Ostorius
347 2573 418 2622 multi
431 2575 521 2621 militari
532 2570 592 2620 fami
605 2583 628 2619 et
643 2573 737 2621 civicam

62 2654 173 2688 roromm
183 2639 245 2700 apud
253 2638 402 2691 Britanniam
419 2640 524 2699 meritus.
539 2639 637 2705 ingenti
648 2637 757 2700 corporis
