1680 3188
102 485 136 530 ³4
184 461 377 528 urrunnun
393 474 633 527 muniones.
653 480 773 523 ncne.

102 611 166 672 cujus
177 609 257 657 abditis
268 610 340 656 adbuc
354 609 423 664 vitiis,
433 624 474 672 per
483 608 600 657 avaritiam
611 622 637 656 ac
647 607 770 670 prodigen-

101 676 164 729 tiam,
175 675 388 736 mirecongruebst.

135 737 171 786 11.
188 737 310 799 Ibaturque
327 740 352 785 in
367 739 447 793 caedes,
464 738 507 785 nisi
525 737 633 786 Afranius
648 736 737 783 Burrus
748 743 771 782 et

102 802 208 852 Annaeus
220 804 307 851 Seneca
317 804 405 850 obviam
417 804 495 850 issent.
523 801 558 849 Hi
567 811 666 849 rectores
673 803 769 864 impera·

102 868 285 930 toriaejurentae,
297 875 320 914 et
332 870 418 930 (rarum
429 869 452 914 in
465 868 571 915 societate
582 865 700 929 potentiae)
713 882 769 913 con·

102 934 191 991 cordes,
203 933 291 981 diversd
301 941 350 980 arte
360 949 390 979 ex
398 948 464 994 aequo
472 932 599 996 pollebant;
611 931 699 979 Burrus
710 931 769 978 miii-

102 999 187 1046 taribus
197 999 256 1044 curis
267 1007 291 1045 et
302 999 422 1045 severitate
432 1013 537 1055 morum,
554 997 641 1044 Seneca
652 997 771 1059 praeceptis

103 1063 238 1124 eloquentiae
255 1069 279 1110 et
297 1062 402 1109 comitate
419 1061 533 1109 bonestds
542 1062 649 1123 juvantes
663 1062 769 1117 invicem,

102 1143 149 1189 quo
164 1126 252 1174 facilius
268 1127 376 1174 lubricam
395 1127 500 1188 principis
516 1133 614 1183 aetatem,
632 1128 651 1172 si
662 1128 768 1174 virtutem

102 1193 280 1254 adspernaretnr,
288 1192 441 1253 voluptatibus
448 1192 561 1238 concessis
568 1193 697 1238 retinerent.
710 1189 768 1238 Cer·

102 1263 180 1306 tamen
188 1258 277 1319 utrique
286 1271 357 1304 unum
368 1263 417 1304 erat
424 1263 503 1304 contre
512 1255 619 1304 ferociam
627 1255 768 1319 Agrippinae,
780 1267 781 1270 ’

103 1338 156 1384 quae
166 1324 254 1370 cunctis
263 1323 330 1369 malae
344 1321 503 1370 dominationis
512 1321 651 1385 cupidinibus
661 1320 768 1384 flagrans,

102 1388 198 1435 babebat
216 1388 240 1434 in
254 1388 353 1450 pertibus
365 1385 508 1446 Pallantem
525 1402 570 1448 quo
581 1393 679 1442 auctore,
696 1384 767 1436 OEau·

103 1453 154 1500 dius
164 1452 248 1514 nuptiis
259 1451 349 1509 incestis
361 1459 384 1499 et
393 1452 512 1515 adoptione
528 1450 624 1499 exitiosis
633 1462 705 1499 semet
716 1467 768 1513 pem,

102 1523 220 1564 verterat·¹
242 1516 288 1564 Sed
298 1532 371 1578 neque
379 1516 468 1565 Neroni
478 1517 538 1565 inira
548 1532 625 1565 servos
635 1517 768 1580 ingenium

103 1589 128 1630 et
142 1581 225 1638 Pallas,
239 1582 299 1629 tristi
313 1581 442 1646 arrogentid
459 1583 552 1630 modum
567 1583 640 1630 liberti
654 1596 767 1645 egressus,

104 1647 198 1695 taedium
217 1648 252 1694 sui
269 1655 378 1696 morast.
416 1647 537 1712 Propelanr
554 1653 630 1695 tamen
648 1661 727 1695 omnes
744 1648 769 1694 in
809 1688 812 1694 ⁴

89 1763 91 1767 ,
102 1726 154 1761 eam
164 1713 263 1761 bonores
273 1713 457 1771 cumulabantur;
474 1714 615 1776 signumque,
626 1727 690 1760 more
706 1711 767 1762 mili·

101 1778 149 1834 tiae,
157 1778 243 1840 petenti
254 1779 343 1825 tribuno
355 1778 422 1833 dedit,
439 1784 453 1808 ‘⁴
462 1779 562 1840 Optime
572 1775 682 1826 manis?
715 1775 767 1823 De-

44 1863 46 1869 ·
101 1844 157 1890 creti
169 1850 307 1891 etasenatu
323 1843 368 1891 duo
383 1843 481 1900 lictores,
498 1842 622 1892 flaminium
641 1840 781 1898 Claudiode·

102 1907 170 1956 simui
179 1907 275 1957 Claudio
286 1909 413 1957 censorium
423 1907 498 1966 funus,
509 1916 535 1966 ct¹
543 1923 598 1957 mox
609 1907 757 1955 consecratio.

133 1970 182 2020 III.
198 1972 246 2021 Die
255 1973 341 2022 funeris
348 1974 498 2023 laudationem
505 1975 554 2038 ejus
561 1973 664 2036 princeps
672 1985 768 2019 exoratu

101 2045 144 2086 est.
177 2037 243 2086 Dum
257 2040 413 2101 antiquitatem
427 2040 523 2102 generis,
536 2038 672 2092 consulatus,
688 2051 715 2084 ac
725 2037 768 2084 tri·

94 2103 197 2166 .umpbos
207 2103 317 2166 majorum
328 2105 478 2161 enumerabat,
485 2105 585 2152 intentus
592 2103 640 2166 ipse
646 2109 670 2149 et
678 2101 768 2159 caeteri3

98 2167 224 2215 liberalium
231 2183 320 2230 quoque
329 2169 409 2216 artium
420 2169 611 2223 commemoratio,
621 2174 651 2227 et,
664 2165 720 2213 nibil
730 2181 767 2214 re·

99 2239 169 2295 gente
180 2248 207 2280 eo
218 2234 273 2296 reip.
284 2233 348 2280 triste
358 2235 385 2281 ab
396 2236 495 2282 externis
505 2234 618 2289 accidisse,
629 2232 707 2294 pronis
717 2233 767 2281 eni·

98 2297 144 2344 mis
160 2297 248 2345 audita:
267 2304 385 2360 postquam
403 2300 431 2347 sd
445 2300 608 2362 providentiam
625 2297 769 2360 sapientiam-

99 2377 143 2422 que
154 2361 224 2418 flexit,
233 2378 300 2410 nemo
311 2364 365 2410 risui
376 2372 505 2426 temperare,
517 2377 652 2426 quamquam
663 2362 742 2418 oratio,
754 2367 779 2409 s'
798 2361 811 2372 '

100 2424 187 2474 Senecd
204 2429 334 2490 composita,
348 2429 444 2475 multum
456 2427 670 2490 cultssspraeferret5
687 2434 713 2472 ut
723 2425 768 2473 fuit

97 2491 130 2538 illi
142 2492 191 2538 viro
201 2492 316 2553 ingenium
328 2508 450 2548 amoenum,
463 2501 486 2539 et
497 2493 604 2555 temporis
615 2493 663 2555 ejus
675 2493 766 2539 auribus

98 2558 301 2621 accommodatum.
333 2558 479 2605 Annotsbunt
495 2559 602 2614 seniores,
614 2558 695 2619 quibus
705 2558 765 2606 otio·

99 2636 149 2668 sum
163 2628 197 2669 est
207 2630 284 2669 vetera
295 2629 319 2669 ct
329 2623 449 2684 praesentia
464 2623 606 2679 contendere,
624 2623 723 2687 primum
737 2637 767 2671 ex
788 2642 806 2661 ³

96 2686 131 2740 iis,
141 2687 178 2747 qui
190 2702 265 2733 rerum
273 2687 338 2750 potiti
347 2697 428 2744 essent,
438 2687 555 2737 Neronem
566 2688 646 2736 alienae
653 2687 766 2736 facundiae

84 2750 197 2811 effusae:
224 2768 278 2800 narn
298 2754 398 2803 dictator
419 2752 499 2806 Caesar
527 2756 623 2804 summis
643 2754 768 2807 orutoribue

70 2814 195 2874 aefflfllflssa'
213 2827 240 2866 et
259 2819 373 2885 Augusto
385 2831 482 2887 promta
493 2837 522 2870 ec
531 2819 658 2884 pronoen,
674 2829 729 2872 iim
737 2814 780 2857 δὲ·

47 2883 129 2921 ,cerer
151 2882 300 2948 principem,
328 2891 472 2954 eloquentie
497 2887 554 2934 ituit.
585 2880 701 2930 uberius
720 2881 801 2947 artem

44 2947 153 3013 mque
169 2949 289 3012 ⁶⁸¹Jeb⁸t2
308 2955 361 3021 qut
378 2958 463 3007 verba
478 2935 812 3018 expenderentumffl?

44 3003 163 3077 ΨΜ,
186 3025 239 3068 aut
252 3027 377 3076 consulto
391 3025 547 3091 ambiguus.
571 3011 666 3065 Etim
675 2996 812 3052 ΜΨ
