1680 3188
86 125 183 171 uum
231 119 426 173 ANNALIUM
437 121 570 172 LrnXIV.
583 121 686 174 Csr.15.
731 128 761 175 73

88 257 151 320 apud
159 255 252 318 templa,
264 254 360 303 Numen
371 256 508 318 praecipuum
520 262 543 302 et
551 257 684 318 praescium.
710 255 763 304 Nes

84 324 135 386 jam
147 322 199 368 sisti
216 328 323 384 poterat3
340 337 392 368 cum
405 321 499 368 Senecae
510 337 536 368 ac
547 321 623 369 Burro
633 323 715 378 visum,
732 337 762 369 ne

89 386 188 448 utrique
205 387 357 449 pervinceret,
377 387 472 433 alterum
492 387 628 434 concedere:
648 388 762 435 clausum·

87 468 135 514 que
146 451 207 499 valle
219 448 333 498 Vaticani
343 452 456 513 epatium,
474 452 498 497 in
515 467 560 512 quo
578 467 648 512 equos
664 459 761 514 regeret,

91 517 152 564 baud
163 517 294 579 promiscuo
306 516 440 576 spectaculo.
474 515 535 562 Mox
553 518 612 564 ultro
630 519 706 564 vocari
718 533 761 580 po-

89 583 158 645 pulus
167 580 294 634 Romnms,
306 580 453 640 laudibusque
463 581 578 636 extollere,
597 590 621 629 ut
632 589 667 628 est
677 584 762 644 vulgus

89 649 186 710 cupiens
204 646 355 707 voluptatum,
374 652 404 698 et,
423 646 442 690 si
460 645 540 690 eodem
558 646 662 707 princeps
681 649 762 704 trahat,

91 713 181 760 laetum.
216 709 334 758 Caeterum
351 710 471 770 evulgatus
490 710 561 770 pudor
572 725 618 757 non
630 711 761 769 satietatem,

91 784 117 824 ut
128 775 244 830 rebantur,
263 774 303 821 sed
317 774 487 833 incitamentum
499 775 586 821 attulit:
607 783 712 837 ratusque
724 778 763 833 de·

92 843 164 889 decus
174 840 271 894 amoliri,
290 839 309 884 si
323 839 399 902 plures
416 837 531 893 foedisset,
550 840 658 886 nobilium
668 841 764 889 familis·

93 922 144 954 rum
164 911 275 969 posteros,
292 911 394 966 egestate
405 904 503 958 venales,
520 905 542 951 in
554 919 643 952 scenam
655 906 763 965 deduxit3

93 987 159 1036 quos,
170 971 220 1018 fato
230 968 367 1033 perfunctos,
384 985 413 1016 ne
425 970 556 1016 nominatim
568 972 660 1025 tradam,
672 973 763 1034 majori·

92 1041 134 1086 bus
146 1050 228 1084 eorum
239 1034 380 1081 tribuendum
399 1041 467 1095 puto:
488 1049 539 1080 narn
558 1043 581 1080 et
592 1037 640 1096 ejus
651 1035 763 1098 flagitium

93 1111 136 1158 est,
156 1103 196 1163 qui
214 1100 333 1163 pecuniam
354 1101 382 1146 ob
393 1098 474 1145 delicta
484 1100 558 1159 potius
569 1100 635 1154 dedit,
652 1117 720 1161 quam
735 1118 765 1149 ne

93 1169 259 1229 delinquerent.
292 1164 368 1211 Notos
383 1179 471 1225 quoque
482 1165 568 1223 equites
580 1164 698 1211 Romanos
709 1182 763 1227 ope·

96 1249 132 1280 ras
142 1247 219 1280 arenae
229 1230 362 1292 promittere
376 1230 464 1290 subegit
478 1228 543 1274 donis
558 1229 702 1290 ingentibus3
720 1232 764 1277 nisi

94 1298 156 1359 quod
167 1312 255 1344 memes
265 1297 293 1343 ab
304 1309 338 1350 eo,
350 1295 389 1355 qui
396 1295 476 1358 jubere
487 1300 570 1357 potest,
582 1295 629 1340 vim
641 1295 763 1342 necessita·

96 1363 126 1410 tis
136 1361 210 1409 affert
495 1404 501 1413 ,

128 1426 187 1474 XV.
204 1425 243 1474 Ne
253 1433 329 1474 tamen
341 1426 413 1474 adbuc
424 1427 513 1488 publico
524 1427 612 1474 theatro
629 1426 763 1473 debonesta-

96 1498 165 1547 retur,
176 1493 275 1539 instituit
285 1493 359 1550 ludos,
377 1490 394 1542 J
395 1493 522 1538 uvenalium
534 1492 650 1545 vocabulo,
668 1492 692 1537 in
707 1506 765 1552 quos

95 1559 180 1621 passim
202 1558 296 1605 nomina
313 1559 379 1604 data:
400 1572 445 1604 non
463 1557 566 1604 nobilitas
586 1558 696 1618 cuiquam,
718 1571 765 1605 non

98 1631 160 1679 aetas,
188 1629 228 1669 aut
249 1623 293 1670 acti
313 1621 410 1670 bonores
429 1622 596 1683 impedimento,
622 1639 667 1684 quo
690 1623 765 1669 minus

86 1690 177 1736 2Graeci
196 1687 303 1735 Latinive
321 1687 437 1734 histrionis
451 1694 522 1733 artem
541 1695 678 1742 exercerent,
694 1702 766 1748 usquo

95 1754 125 1800 ad
136 1759 217 1814 gestus
235 1753 359 1814 modosque
374 1752 434 1799 baud
451 1753 534 1801 viriles.
568 1753 629 1806 Quin
641 1759 665 1798 et
674 1752 767 1798 seminas

96 1819 198 1866 illustres
217 1817 326 1864 deformia
344 1817 460 1864 meditari:
480 1825 639 1877 exstructaque
655 1818 714 1878 apud
725 1831 765 1862 ne·

98 1899 155 1938 mus,
176 1882 243 1944 quod'
259 1883 334 1929 navali
353 1890 434 1944 stagno
457 1883 616 1944 circumposuit
638 1881 766 1944 Augustus,
811 1914 817 1927 ,

98 1947 258 1995 conventicula
269 1953 293 1994 et
304 1962 419 2010 cauponae,
440 1954 463 1993 et
473 1948 547 2010 posita
558 1963 616 1994 veno
628 1948 768 1993 irritamenta

98 2013 183 2060 luxils:
203 2012 357 2072 dabanturque
377 2013 453 2072 stipes,
477 2027 532 2072 quas
553 2013 606 2058 boni
626 2012 768 2068 necessitate,

99 2080 277 2139 intemperantes
299 2076 372 2139 gloriis
394 2084 560 2123 consumerent.
593 2074 651 2122 Inde
671 2076 769 2137 gliscere

97 2142 187 2204 flagitia
205 2150 229 2189 et
248 2140 354 2199 iufamiu3
371 2157 413 2188 nec
425 2142 471 2188 ulla
482 2142 581 2187 moribus
593 2141 646 2187 olim
659 2141 770 2202 corruptis

98 2209 150 2269 plus
161 2207 280 2254 libidinum
292 2207 445 2259 circumdedit,
457 2222 524 2268 quam
535 2206 574 2252 illa
584 2206 700 2252 colluvies.
721 2204 770 2252 Vix

99 2273 187 2319 artibus
198 2273 299 2319 honestis
317 2273 389 2333 pudor
401 2273 525 2318 retinetur:
546 2271 635 2325 nedum,
651 2272 715 2334 inter}
721 2286 770 2317 cer·

99 2338 187 2384 tamina
204 2337 319 2391 vitiorum,
338 2337 445 2399 pudicitia
464 2346 502 2384 sut
521 2337 632 2382 modestia
648 2342 688 2382 aut
706 2335 771 2395 quid·

100 2416 169 2461 quam
179 2403 244 2461 probi
255 2403 325 2450 muris
337 2409 498 2452 reservaretur.
531 2398 656 2451 Postremo
663 2401 718 2463 ipse
726 2415 779 2447 see-

90 2480 145 2536 nam
155 2465 246 2522 incedit,
256 2466 331 2516 multi
342 2470 401 2520 curri
411 2479 509 2524 tentans
521 2473 646 2527 citbarmns
656 2475 684 2517 ei
694 2480 800 2530 imm·

82 2527 347 2584 drtsnsnssistentibus.
386 2539 479 2594 Facies
490 2537 742 2600 emmeramensis
750 2529 819 2586 ὥ·

62 2593 133 2640 -20111,
147 2599 306 2650 centuriones
324 2607 485 2676 tribunique,
500 2622 530 2664 et
551 2625 668 2662 rnoerens
683 2603 795 2666 Bm*
806 2614 840 2669 ,⁸

61 2647 182 2713 laudans:
210 2670 254 2711 tun

96 2727 150 2762 vm„
163 2735 188 2769 rr
257 2683 323 2733 eque
348 2680 474 2742 Primum
495 2681 650 2746 conscripti
671 2679 743 2726 sunt.
757 2668 840 2725 equit

620 2766 646 2799 lt
