1680 3188
143 372 183 439 C.
201 368 469 439 CORNELIUS
493 371 689 442 TACITUS

394 574 436 612 DE

74 734 196 807 SITU,
219 730 446 803 MORIBUS,
469 734 525 795 ΕΤ
544 736 745 804 POPULIS

271 868 553 937 GERMANIAE.

105 1172 127 1220 Ι.
145 1173 287 1221 Gssuanm
298 1171 372 1219 omnis
382 1186 396 1218 a
408 1172 482 1220 Gallis
493 1171 626 1234 Rhatisque
641 1183 665 1222 et
680 1175 743 1223 Pau·

71 1240 148 1287 noniis
159 1238 243 1285 Rheno
255 1245 277 1284 et
289 1236 396 1284 Danubio
404 1236 540 1293 flaminibus,
552 1239 682 1286 aSarmatis
692 1240 743 1288 Da·

70 1306 149 1366 cisque
156 1310 236 1350 mutuo
247 1309 309 1349 metu
320 1309 359 1348 sut
370 1303 489 1358 montibus,
502 1312 622 1365 separatur.
652 1303 743 1354 caetera

70 1369 179 1417 Oceanus
198 1368 274 1422 ambit,
291 1367 350 1414 latos
369 1368 431 1424 sinus
450 1377 474 1413 et
491 1369 614 1415 insularum
632 1370 743 1418 immensa

70 1435 143 1498 spatia
153 1433 313 1494 complectens,
330 1448 400 1495 nuper
415 1433 513 1495 cognitis
523 1435 655 1495 quibusdam
666 1437 742 1497 genti·

68 1501 111 1548 bus
123 1514 151 1546 ac
162 1499 259 1560 regibus,
271 1513 328 1558 quos
338 1498 421 1544 bellum
433 1499 526 1559 aperuit
555 1499 656 1554 Rhenus,
668 1500 742 1548 Rnae·

69 1567 168 1612 ticarum
179 1563 273 1624 Alpium
285 1563 399 1609 inaccesso
410 1578 437 1608 se
447 1563 557 1625 praecipiti
572 1565 655 1610 vertice
671 1572 742 1622 ortus,

69 1630 161 1677 modico
177 1627 239 1674 flexu
256 1628 279 1672 in
296 1627 444 1674 Occidentem
461 1643 546 1682 versus,
566 1631 743 1691 septemtrionali

69 1694 166 1742 Oceano
187 1693 302 1739 miscetur.
340 1691 468 1747 Danubius,
490 1693 553 1740 molli
574 1702 597 1740 et
619 1695 743 1743 clementer

65 1759 131 1807 editu
150 1758 235 1805 montis
246 1756 354 1815 ,Abnobae
368 1759 428 1820 jugo
445 1757 536 1813 effusus.
555 1760 630 1820 plures
647 1760 744 1822 populos

67 1824 122 1878 adit,
134 1823 206 1870 donec
217 1822 241 1868 in
254 1821 375 1868 Ponticum
386 1837 448 1869 mare
459 1837 500 1869 sex
510 1825 620 1870 meatibus
630 1825 740 1888 erumpit:

67 1889 190 1952 septimum
201 1887 262 1934 enim
274 1902 300 1933 os
310 1887 426 1948 paludibus
437 1888 545 1934 hauritur.

100 1952 136 2000 Π.
148 1950 218 2014 Ipsos
227 1951 355 1999 Germanos
363 1952 481 2013 indigenas
489 1952 626 2004 crediderim.
634 1953 739 2002 minime·

68 2034 113 2082 que
124 2017 217 2065 abarum
229 2017 331 2078 gentium
343 2017 475 2063 adventibus
486 2025 510 2062 et
526 2018 626 2079 hospitiis
640 2020 738 2076 mixtos;

68 2085 123 2145 quia
134 2098 176 2132 uec
188 2079 248 2128 terni
258 2082 319 2136 olim,
334 2082 373 2128 sed
384 2082 497 2136 classibus,
512 2082 685 2137 advehebantur,
701 2084 740 2144 qui

68 2155 158 2196 mutare
173 2147 238 2194 sedes
252 2147 396 2206 quaerebmt;
416 2153 440 2192 et
455 2147 578 2193 immensus
590 2147 655 2202 ultra,
670 2156 740 2208 utque

67 2215 100 2261 sie
117 2212 220 2267 dixerim,
237 2211 345 2258 adversus
359 2210 465 2258 Oceanus
480 2213 536 2258 raris
551 2213 578 2258 ab
594 2214 647 2258 orbe
662 2208 740 2260 nostra

68 2279 164 2326 navibus
175 2277 256 2332 aditur.
290 2275 349 2330 Quis
362 2292 437 2338 porro,
453 2283 536 2338 praeter
550 2278 673 2339 periculum
685 2279 739 2324 bor·

67 2344 110 2391 ridi
122 2349 146 2389 et
156 2343 230 2403 ignoti
238 2341 313 2397 maris,
324 2341 382 2388 Asii
392 2349 431 2388 sut
439 2340 519 2388 Africa
529 2349 568 2388 aut
576 2340 642 2388 leuis
653 2341 739 2400 relicti,

69 2408 217 2458 Germaniam
232 2413 323 2468 peteret,
340 2406 460 2454 informem
471 2402 543 2462 terris,
559 2422 660 2468 asperam
672 2407 739 2465 ereio,

68 2475 157 2521 tristem
172 2471 403 2534 cultuladspectuque,
420 2472 498 2520 nisisi
513 2472 584 2535 patris
599 2472 645 2519 sit?
671 2471 740 2522 Cele-

65 2538 133 2588 brant
151 2537 290 2583 carminibus
308 2537 410 2600 antiquis
433 2539 510 2605 (quob
526 2553 602 2587 unum
621 2537 686 2600 anub
697 2537 760 2584 'mss

51 2600 179 2650 memoriae
190 2607 214 2650 et
224 2603 349 2654 annalium
364 2621 446 2674 genus
460 2605 514 2674 esti
526 2605 685 2656 iuuenum
695 2601 783 2654 hm

528 2679 672 2727 ιδ’
