1680 3188
90 129 204 179 λαῶν
226 129 669 189 ANNA L1UMLrsxV.·cn.·sa.
716 143 762 193 12¹1

93 262 227 376 qpimtionis
233 263 307 324 magis
317 279 409 324 gnarus,
418 264 483 310 simul
499 265 607 325 arguendi
617 267 715 328 peritior,
733 270 762 318 de

119 329 183 374 isone
194 328 291 389 primum
302 327 395 374 fatetur:
415 329 494 375 deinde
505 330 580 391 adjicit
591 331 705 378 Annaeum
718 333 760 381 Se·

94 407 184 445 mecam,
197 393 245 439 sive
256 393 406 439 internuntius
420 395 479 440 iuter
489 409 540 439 eum
552 394 703 456 Pisonemque
712 397 760 455 luit,

92 459 144 505 eise
150 464 176 504 ut
185 456 287 504 Neronis
293 459 388 520 gratiam
395 466 488 520 pararet,
496 459 541 518 qui,
550 459 649 506 infensus
659 461 760 518 Senecae,

93 537 176 569 omnes
198 522 226 568 ad
248 538 299 568 eum
327 523 496 584 opprimendum
524 532 583 570 artes
610 527 761 585 conquirebat.

92 585 164 640 Tum,
176 587 270 647 cognito
281 586 368 632 Natalis
379 588 467 640 iudicio,
485 587 594 634 Scevinus
605 603 700 650 quoque,
711 593 758 653 pari

91 651 254 704 imbecillitate,
271 666 300 698 an
319 660 399 698 cuncta
410 653 458 714 jam
475 651 584 714 patefacta
601 654 700 708 credens,
717 672 759 704 neo

90 716 168 763 ullum
180 715 262 762 silentii
272 717 456 770 emolumentum,
467 717 535 762 edidit
546 725 653 764 caeteros:
668 735 697 764 cx
708 722 757 780 qui·

94 782 138 829 bus
150 779 259 827 Lucanus
274 780 455 841 Quintianusque
466 788 489 827 et
501 781 595 827 Senecio
606 783 643 828 diu
654 783 758 831 abnuite.

88 845 158 901 Post,
169 843 280 907 promissi
297 846 429 907 impunitate
445 846 550 906 corrupti,
569 862 613 906 quo
630 848 756 896 tarditatem

89 919 232 969 excusarent,
252 909 360 956 Lucanus
371 910 464 956 Atillam
481 918 573 956 matrem
592 926 661 966 suam,
682 912 756 967 Qum-

88 979 166 1023 tianus
178 975 275 1021 Glitium
287 975 385 1029 Gallum,
403 976 498 1022 Senecio
510 975 610 1021 Annium
622 975 756 1036 Pollionem,

89 1041 217 1089 amicorum
227 1041 359 1101 praecipuos,
370 1036 521 1086 nominavdre.

89 1136 93 1143 -
125 1102 208 1151 LVII.
227 1104 302 1164 Atque
320 1104 410 1151 interim
428 1104 491 1150 Nero
511 1104 645 1160 recordatus,
665 1105 755 1154 Volusii

91 1169 186 1219 Proculi
198 1169 281 1215 indicio
292 1167 414 1229 Epicharin
425 1169 523 1225 attIueri,
536 1176 639 1229 ratusque
649 1170 755 1218 muliebre

89 1249 174 1296 eorpus
186 1234 257 1295 impar
268 1233 345 1288 dolori,
358 1234 475 1280 tormentis
490 1234 604 1280 dilacerari
617 1234 689 1295 jubet.
721 1236 755 1282 At

89 1299 153 1348 illam
172 1312 217 1345 uon
229 1298 326 1352 verbera,
339 1313 384 1344 non
395 1299 466 1359 ignes,
478 1313 523 1345 non
540 1299 573 1344 ira
584 1314 611 1344 eo
622 1298 695 1345 acrius
706 1305 753 1347 tor·

88 1364 215 1426 quendum,
227 1378 280 1409 nea
296 1361 379 1409 femini
390 1370 551 1424 spernerentur,
563 1361 683 1424 pervicdre,
700 1366 754 1425 quin

88 1429 179 1492 objecta
189 1427 317 1489 denegaret.
351 1428 388 1474 Sic
398 1429 483 1490 primus
499 1428 629 1488 quaestionis
638 1428 686 1475 dics
697 1445 753 1476 con·

87 1502 183 1542 temtus.
215 1492 317 1548 Postero,
333 1508 384 1538 curn
393 1492 421 1539 sd
432 1493 522 1539 eosdem
533 1493 644 1539 cruciatus
655 1495 753 1542 retrabe-

87 1567 152 1607 retur
162 1558 289 1621 gestamine
300 1558 368 1612 sebae,
381 1558 443 1620 (uam
452 1557 566 1604 dissolutis
573 1558 678 1606 membris
686 1560 752 1608 insis-

88 1632 138 1673 tere
150 1621 265 1684 nequibat)
279 1623 352 1668 vinclo
367 1622 450 1676 sascIae,
470 1637 536 1682 quam
553 1624 637 1684 pectori
649 1624 752 1671 detraxe-

87 1697 132 1744 rat,
143 1689 167 1734 iu
179 1688 269 1734 modum
280 1687 351 1748 laquei
361 1687 471 1734 adoreum
481 1686 543 1733 sellae
554 1688 661 1743 residem,
674 1688 752 1737 indidit

87 1754 207 1808 servicem,
219 1760 248 1805 et,
267 1753 366 1813 corporis
383 1752 481 1813 pondere
491 1753 588 1805 connisa,
606 1756 750 1816 tenuemjam

87 1820 192 1882 spiritum
203 1818 325 1879 expressit:
339 1817 433 1863 clariore
442 1817 546 1878 exemplo
554 1817 654 1864 libertina
663 1818 751 1875 mulier,

87 1885 112 1931 in
124 1881 188 1929 tanti
201 1882 339 1936 necessitate,
356 1883 440 1928 alienos
450 1896 476 1928 ac
490 1897 559 1943 prope
573 1882 664 1943 ignotos
673 1889 750 1944 prote-

87 1947 173 2012 gendo,
191 1962 241 1992 cum
254 1946 345 2007 ingenui
356 1954 380 1993 et
390 1948 432 1992 viri
444 1953 467 1992 et
477 1947 563 2006 equites
574 1945 672 1993 Romani
684 1962 749 1995 sena·

87 2021 199 2072 torosque,
219 2011 296 2057 intacti
314 2012 441 2068 tormentis,
457 2011 571 2056 carissima
586 2025 676 2056 suorum
688 2012 749 2071 quis·

85 2093 131 2140 que
148 2076 267 2138 pignorum
290 2076 416 2137 proderent
458 2074 513 2121 Non
535 2075 594 2120 enim
620 2075 751 2125 omittebant

88 2142 196 2191 Lucanus
213 2157 302 2201 quoque
321 2148 344 2187 et
364 2141 459 2188 Senecio
476 2147 498 2186 et
516 2138 652 2193 Quintianus
666 2141 749 2202 passim

87 2207 191 2256 conscios
213 2206 285 2259 edere,
307 2207 379 2268 magis
402 2206 518 2265 magisque
542 2205 622 2265 pavido
647 2204 758 2263 Nerone,

86 2286 220 2335 quamquam
232 2271 382 2333 multiplicatis
393 2271 492 2317 excubiis
503 2276 574 2316 semet
585 2269 697 2329 sepsisset.

120 2335 217 2383 LVIII.
234 2336 296 2390 Quiri
311 2345 333 2383 et
346 2335 439 2391 Urbem,
451 2351 491 2396 per
499 2334 624 2396 manipulos
635 2335 749 2396 occupatis

85 2403 206 2455 rnoenibus,
217 2402 303 2448 insesso
314 2402 453 2447 etiam-mari
465 2410 489 2446 et
499 2415 571 2453 amne,
584 2399 645 2445 velut
660 2400 683 2445 in
696 2415 748 2445 cus·

84 2468 169 2517 todIam
181 2466 248 2512 dedit.
280 2465 455 2527 Volitabantque
470 2480 510 2526 per
528 2463 584 2518 fora,
602 2479 643 2524 per
661 2464 747 2519 domos,

83 2548 135 2580 rura
146 2546 237 2590 quoque
247 2538 270 2576 et
279 2532 382 2592 proximu
392 2531 571 2592 municipiorum,
581 2528 667 2591 pedites
685 2530 748 2591 equi·

75 2601 161 2653 tesqua
176 2596 285 2655 permixti
302 2597 436 2657 Germanis,
451 2598 537 2662 quibus
549 2594 636 2645 libebat
645 2595 766 2661 princeps,

63 2657 132 2718 Μ’
148 2662 261 2736 ‘blefia
303 2662 430 2719 Continuo
450 2669 511 2719 binc
531 2672 559 2717 et
577 2665 666 2733 'iuncta
680 2660 786 2723 auxum*

804 2782 820 2843 l
