1680 3188
170 108 396 166 daemonnm
407 114 501 165 VITA.
525 115 616 168 Car-9.
681 121 730 168 21⁵
775 118 780 126 ’

55 248 141 298 lrribus
151 249 222 296 nimia
232 263 258 296 ac
268 247 413 295 formidolosa
421 256 475 295 erat
506 248 558 296 Nec
568 249 657 311 legatus
668 265 727 312 prae·

58 317 130 362 torius
141 315 170 362 ad
182 312 329 361 cohibendum
340 320 427 374 potens,
441 314 560 370 incertum,
576 330 617 362 suo
628 330 657 361 sn
668 316 729 362 mili·

57 381 129 426 tum
122 380 230 459 ingenio:
257 379 288 424 ita
304 393 420 424 successor
438 379 504 424 simrrl
520 389 544 426 et
560 380 620 426 ultor
635 381 729 436 electue,

49 446 172 492 4ιιιίιιείιιιιι
159 443 341 497 moderatione,
356 443 435 489 maluit
444 443 532 489 videri'
526 447 640 492 invenisse
649 446 728 538 bonos,

56 525 124 572 quarn
135 509 225 556 secisse.

70 573 165 621 VIIL
185 574 287 621 Praeerat
302 579 357 618 tunc
373 571 499 619 Britannice
513 572 605 621 Vettius
619 573 730 632 Bolanus,

57 640 173 703 placidius,
184 652 252 699 quarn
262 636 331 684 feroci
342 634 458 698 provincia
468 638 562 700 dignum
574 648 622 686 est:
641 648 728 703 tempe—

58 706 117 752 ravit
128 703 270 766 Agricola*
250 717 296 748 vrm
307 717 377 756 anam,
388 702 535 763 ardoremque
543 706 686 766 compescuit,
698 719 729 752 ne

57 771 211 826 incresceret,
230 769 315 830 peritus
331 768 430 827 obsequi,
447 768 591 830 eruditusque
607 771 669 816 utilia
683 771 727 816 ho·

56 835 129 882 uestis
143 835 246 880 miscere.
277 831 346 878 Brevi
362 832 441 878 deinde
456 831 574 880 Britannia
585 836 735 882 consularem.

56 899 167 947 Petilium
179 895 291 946 Cerialem
302 897 394 958 accepit.
424 894 559 945 Habuerunt
568 900 664 947 virtutes
676 915 728 962 spa·

56 966 115 1011 tium
126 963 294 1025 exemplorum:
314 962 354 1008 sed
363 962 436 1024 primo
450 960 544 1010 Cerialis
558 965 625 1011 modo
639 966 727 1013 labores

56 1037 81 1077 et
91 1029 227 1082 discrimina,
243 1042 298 1073 mox
312 1035 336 1073 et
346 1027 442 1103 gloriam
453 1030 644 1077 communicabat.
663 1045 726 1092 saepe

55 1095 115 1156 parti
123 1093 259 1148 exercitiis,
253 1108 277 1138 m
286 1093 471 1154 experimentum,
482 1093 599 1154 aliquando
607 1096 666 1158 majo
652 1096 727 1143 oribus

54 1159 137 1222 copiis,
156 1172 186 1204 ex
199 1165 290 1213 eventu,
306 1156 420 1219 praesecit:
445 1173 487 1204 nec
503 1159 612 1221 Agricola
627 1175 725 1222 unquam

54 1225 80 1270 in
98 1238 163 1270 suam
181 1222 264 1269 famam
282 1223 353 1284 gestis
369 1222 504 1280 exsultavit;
526 1225 554 1269 nd
571 1231 685 1272 auctorem
703 1233 727 1272 et

55 1290 145 1343 ducem,
157 1295 183 1334 ut
193 1289 301 1342 minister,
312 1286 425 1334 fortunam
434 1287 553 1334 referebat:
570 1290 603 1335 ita
610 1290 693 1337 virtute
700 1291 725 1337 in

55 1353 207 1415 obsequendo,
225 1350 384 1400 verecundia'
377 1367 401 1398 m
418 1353 567 1414 praedicando,
585 1356 671 1402 extra
664 1356 724 1402 mvi·

54 1419 125 1470 diam,
135 1433 178 1464 nec
189 1425 253 1464 extra
262 1418 366 1480 gloriam,
377 1424 431 1465 erat.

88 1481 136 1530 IX.
153 1483 316 1530 Revertentem
328 1483 355 1528 ab
365 1483 478 1544 legatione
487 1483 584 1545 legionis
596 1483 629 1531 D.
636 1440 725 1547 Vespa·

55 1549 134 1596 sianus
150 1549 210 1594 inter
225 1549 330 1623 patricios
345 1546 445 1604 adscivit,
465 1563 491 1594 ac
508 1549 587 1595 deinde
603 1551 727 1612 provinciae

55 1613 188 1673 Aquitaniae
198 1614 326 1675 praeposuit,
342 1613 484 1674 splendidae'
478 1628 502 1658 m
514 1615 592 1675 primis
602 1615 725 1677 dignitatis,

55 1678 249 1724 administratione
270 1692 297 1724 ac
316 1693 356 1738 spe
377 1677 513 1733 consulutds,
536 1679 572 1725 cui
594 1677 740 1727 destinrirnt.⁴

30 1784 32 1789 .
57 1741 162 1790 Credunt
183 1743 288 1819 plerique,
311 1743 442 1790 militaribus
462 1743 560 1806 ingeniis
579 1746 724 1791 subtilitatem

55 1808 138 1864 deese;
155 1808 207 1868 quia
217 1808 336 1854 castrensis
346 1808 472 1871 jurisdictio
487 1823 565 1856 secura
579 1817 603 1857 et
618 1810 724 1866 obtusior,

55 1887 83 1919 nc
97 1873 162 1934 plura
174 1887 243 1918 manu
254 1887 332 1934 agens,
348 1873 490 1920 calliditatem
501 1873 543 1920 lori
554 1887 601 1920 non
612 1882 724 1923 exerceat.

55 1937 167 1999 Agricola
183 1939 278 1984 naturali
293 1932 417 2000 pmdentii,
434 1940 536 1999 quamvis
550 1940 609 1986 inter
624 1947 723 2002 togatos,

54 2002 122 2048 facile
132 2004 239 2063 justeque
254 2004 341 2065 agebat.
373 2002 431 2051 Jam
440 2018 495 2050 vero
510 2010 610 2065 tempora
619 2019 725 2051 curarum

55 2068 259 2128 remissionumque
277 2069 362 2114 divisa:
390 2069 427 2114 ubi
449 2076 573 2116 conventus
595 2085 622 2116 ac
639 2070 726 2133 judicia

54 2140 181 2194 poscerent,
193 2133 274 2194 gravis,
286 2135 393 2186 intentus,
405 2147 503 2188 severus,
515 2141 538 2180 et
546 2135 628 2195 saepius
636 2136 725 2181 miseri·

54 2212 107 2243 cors
113 2213 122 2254 ;
145 2197 182 2243 ubi
200 2199 273 2244 officio
291 2196 435 2252 satisfactum,
454 2198 516 2245 nulla
533 2199 591 2245 ultra
607 2201 725 2262 potestatis

55 2276 166 2323 persona:
185 2263 299 2309 tristitiam
314 2271 336 2309 et
351 2263 501 2325 arrogantiam
517 2271 540 2310 et
556 2265 671 2311 avaritiam
682 2279 724 2311 ex·

57 2333 135 2373 uerat:
162 2341 204 2372 nec
223 2328 263 2383 illi,
282 2329 341 2388 quod
359 2335 394 2374 est
410 2329 554 2384 rarissimum,
574 2336 613 2376 aut
631 2328 726 2376 facilitas

56 2391 221 2448 auctoritatem,
232 2400 271 2439 aut
282 2394 390 2439 severitas
400 2408 506 2447 amorem,
517 2394 633 2441 deminuit.
662 2392 726 2440 Inte·

55 2457 163 2517 gritatem
175 2465 242 2518 atque
251 2458 407 2505 abstinentiam
418 2459 442 2504 in
453 2466 516 2505 tanto
526 2460 576 2506 viro
588 2459 678 2514 referre,
691 2460 728 2504 in·

51 2522 114 2582 juria
127 2523 237 2569 virtutum
251 2522 325 2570 luerit.
358 2522 397 2570 Ne
407 2523 490 2570 famam
502 2525 598 2585 quidem,
612 2526 647 2570 cui
659 2524 728 2570 etiam

54 2600 117 2649 stepe
137 2587 190 2633 boni
211 2588 339 2650 indulgent,
361 2587 498 2637 ostentandi
516 2590 609 2645 virtute,
630 2596 671 2635 aut
688 2605 733 2650 per

49 2661 122 2699 ’ΜΨ
134 2653 257 2716 tumlti&
279 2655 404 2722 proculab
416 2655 570 2710 aemulnbone
578 2655 694 2704 abversus
701 2652 759 2697 cde·
