1680 3188
164 447 215 491 244
294 439 344 491 Dll
358 438 585 492 ontmnmus
605 436 698 491 cnr-6.

165 572 276 633 quitenus
296 573 402 620 srltitnrm
423 573 469 620 litis
491 573 558 636 hujus
576 574 663 630 inveni,
687 587 736 620 non
756 571 826 635 patiar

164 638 296 685 Maternum
306 639 413 685 ιοιιιιιιι
421 638 519 699 plurimu
528 636 630 685 Mardi:
648 638 708 685 sed
700 652 775 700 rpsnrn
786 652 823 683 so·

164 703 212 749 lum
228 704 287 765 apud
301 718 344 750 vos
361 717 462 765 arguam.
475 703 536 763 quod
551 710 617 750 natus
629 703 659 749 ad
672 701 824 763 eloquentiam

164 767 253 813 virilem
268 764 752 828 etoratoriamqulpsraresimulettneri
767 766 823 813 smi-

164 832 235 887 citias,
247 833 369 878 adsciscere
382 832 489 885 nationes,
501 832 618 908 complecti
627 831 761 907 provincias,
771 845 824 892 pos·

164 897 200 951 sit,
211 896 295 943 amittit
306 896 411 950 stadium,
422 911 467 956 quo
477 911 523 942 non
534 896 613 944 nliud'
607 911 631 942 ιιι
641 896 733 943 civitate
747 892 825 942 nostrl

164 961 202 1007 vel
217 961 245 1007 ad
255 961 373 1008 utilitatem
386 960 529 1015 immundus,
539 961 577 1006 vel
587 961 616 1007 ad
630 960 764 1021 dignitatem
774 974 822 1005 sm·

163 1024 229 1086 plius,
238 1025 274 1071 vel
285 1025 314 1071 ad
326 1024 605 1086 Urbisfamampulchrius,
613 1025 651 1071 vel
660 1025 690 1071 ad
699 1025 771 1071 totius
780 1025 822 1071 im·

163 1089 220 1149 perii
230 1097 297 1149 utque
307 1091 406 1136 omnium
420 1091 523 1151 gentium
535 1089 638 1137 notitiam
651 1089 769 1145 illustrius,
782 1103 823 1135 m·

163 1153 258 1214 cogitari
272 1161 353 1215 potest.
385 1153 453 1208 Nam,
469 1154 528 1200 sind
543 1154 662 1200 utilitatem
676 1154 732 1201 vitre
748 1154 823 1201 omnis

162 1218 257 1264 consilia
268 1218 370 1279 factaque
379 1226 457 1265 nostra
469 1218 584 1280 dirigenda
594 1226 653 1272 sunt,
664 1218 719 1279 quid
727 1219 773 1265 erit
785 1226 821 1263 tu-

162 1283 217 1338 tius,
227 1296 294 1342 quam
304 1297 353 1328 enm
364 1297 468 1329 exercere
482 1291 560 1337 artem,
571 1280 616 1343 quai
626 1296 715 1344 semper
724 1290 822 1330 umatus

162 1346 290 1408 presidium
300 1348 384 1401 amicis,
395 1362 461 1408 opem
472 1347 556 1401 alienis,
567 1347 662 1394 salutem
676 1346 822 1409 periclitanti·¹

163 1412 211 1465 bus,
223 1411 304 1457 invidis
314 1427 368 1457 reru
379 1419 403 1458 et
412 1412 508 1457 inimicis
518 1418 603 1458 metum
611 1420 635 1458 et
645 1419 754 1458 terrorem
764 1411 822 1457 rnltnu

161 1474 227 1529 ieras,
237 1475 286 1536 ipse
295 1490 394 1530 securus,
406 1483 429 1521 et
436 1475 497 1520 velut
504 1474 599 1535 quddam
607 1474 716 1536 perpetui
722 1473 823 1537 potentii

161 1554 188 1586 ac
207 1546 317 1600 potestate
334 1538 451 1585 munitus?
473 1541 536 1601 cujus
554 1539 589 1586 vis
607 1547 632 1585 et
647 1540 738 1593 utilitas,
757 1541 822 1587 rebus

161 1619 266 1666 prospere
280 1603 405 1656 fluentibus,
417 1602 509 1650 aliorum
523 1604 626 1664 praesidio
637 1613 661 1651 et
670 1602 743 1651 tuteli
756 1604 821 1651 intel·

160 1667 251 1730 ligitur:
270 1669 305 1714 sin
315 1668 428 1729 proprium
438 1668 561 1729 periculum
571 1669 687 1730 increpuit,
695 1684 750 1724 non,
760 1666 821 1715 Her.-

161 1733 220 1789 cule,
231 1733 300 1779 lorica
309 1739 348 1778 aut
357 1732 444 1793 gladius
457 1732 481 1779 ιιι
491 1735 539 1779 acie
555 1731 640 1779 firmius
650 1734 821 1787 munimeunnn.

162 1811 229 1857 quam
240 1812 278 1843 reo
289 1803 312 1842 et
327 1797 459 1858 periclitanti
469 1797 601 1856 eloquentia,
611 1798 740 1873 presidium
754 1796 821 1845 ιιιιιιιι

162 1869 186 1907 et
196 1860 264 1906 telum
267 1876 333 1937 ‚quo
340 1876 480 1923 propugnare
490 1862 572 1922 pariter
582 1863 625 1907 et
618 1877 738 1917 rncessere,
749 1862 804 1909 vel
797 1876 821 1907 m

157 1924 281 1987 judicio,
263 1940 311 1971 sune
325 1926 349 1971 in
367 1934 451 1979 senatu,
467 1927 514 1972 sive
530 1926 588 1987 apud
603 1927 726 1988 principem
743 1926 821 1988 possis.

163 1989 225 2043 Quid
234 1989 294 2036 aliud
303 1989 389 2036 infestis
404 1991 501 2050 patribus
516 2005 586 2052 nuper
591 1989 680 2085 Eprius
691 1990 821 2044 Marcellus.

161 2068 227 2129 quam
239 2054 386 2113 eloquentiam
401 2070 470 2108 suam,
484 2054 603 2116 opposuit?
619 2054 663 2115 quir
672 2055 788 2103 accinctus
797 2062 820 2102 et

160 2118 244 2171 minax,
260 2118 364 2165 disertam
380 2119 475 2179 quidem,
488 2120 527 2165 sed
542 2121 710 2166 inexercitatam
722 2128 745 2166 et
761 2121 820 2182 ejus·

161 2182 221 2228 modi
233 2183 378 2228 certaminum
395 2184 478 2237 rudem,
491 2182 591 2230 Helvidii
604 2185 736 2261 sapientiam
747 2185 821 2233 elusit.

161 2245 230 2293 Plura
240 2246 268 2292 de
280 2247 373 2294 utilitate
384 2262 429 2294 nou
440 2249 497 2302 dico,
508 2250 544 2295 cui
555 2250 610 2309 parti
622 2250 714 2296 minime
730 2256 819 2297 contra·

160 2311 271 2357 dicturum
282 2310 413 2359 Maternum
424 2327 498 2358 meum
509 2315 609 2362 arbitror.
830 2366 833 2371 A

192 2373 260 2422 VL
263 2376 315 2422 ‘Ad
323 2377 459 2438 voluptatem
468 2378 570 2425 oratoriae
578 2378 713 2438 eloquentiae
723 2385 821 2432 transeo.

159 2455 224 2551 {tt}
232 2441 820 2568 tillimtitl¹tlttttiiztitgtz

159 2568 222 2622 Quid
232 2570 292 2615 enim
304 2570 389 2617 dulcius
399 2571 468 2617 libero
479 2579 502 2616 et
512 2571 610 2632 ingenuo
621 2571 702 2625 animo,
710 2578 734 2617 et
742 2571 771 2618 ad
779 2587 819 2618 vo-

158 2633 255 2695 luptates
272 2634 375 2681 honestas
390 2642 449 2688 nato,
461 2650 528 2694 quam
542 2635 617 2681 videre
628 2635 716 2696 plenam
733 2650 821 2697 semper

159 2706 183 2745 ot
200 2697 339 2758 frequentem
355 2699 445 2745 domum
464 2714 573 2745 concursu
592 2698 820 2759 splendidissimorum

159 2762 293 2809 hominum?
314 2763 381 2822 idque
396 2764 452 2809 scire
471 2778 514 2809 nou
534 2764 641 2824 ριιιιιιιι,
661 2779 708 2810 uon
724 2764 821 2819 orbitati,

155 2840 232 2887 neque
247 2827 314 2873 officii
332 2827 425 2890 alicujus
442 2827 633 2882 administrationi,
652 2829 693 2875 sed
711 2828 821 2890 sibiipsi,

16 2889 224 3014 w
232 2893 289 2941 illos
300 2893 429 2956 quinimmo
442 2894 509 2941 orbos
521 2892 677 2955 etlocupletes
685 2898 822 2952 etpotentes

236 2960 387 3027 plerumque
403 2962 434 3013 sd
446 2962 561 3028 juvenem
575 2967 601 3009 et
613 2970 746 3021 tillim·
757 2962 787 3003 ιι
805 2976 806 2979 ’
830 2986 832 2991 ‘
