1680 3188
62 414 109 460 156
249 407 539 460 SUPPLEMENTUM
610 412 631 451 u
646 411 719 453 cm

60 537 139 588 laetitid
154 554 241 601 vagam,
254 555 299 586 non
310 540 406 587 advertit
419 539 505 586 barbari
514 538 614 586 audacia.
647 536 718 585 Irmno

59 602 148 666 publiea
166 604 194 650 de
214 603 304 650 infamii
325 604 458 651 certantibus
479 603 585 665 principis
604 609 628 649 et
645 602 717 664 populi

60 668 147 725 studiis,
159 669 220 728 quasi
237 684 276 730 per
292 670 341 715 haec
352 668 471 715 deridicula
485 666 590 715 confecto
599 666 660 713 bello
675 666 718 713 Ar-

61 733 168 787 meniaco,
181 732 243 779 Nero
253 731 377 795 Imperator
387 731 551 787 consalutatum
568 729 689 806 hureiqne
696 730 719 775 in

62 793 198 858 capitolium
206 796 256 851 latia,
265 797 281 845 J
282 813 348 843 anum
357 796 436 843 clusit:
456 796 497 842 hac
507 795 609 842 victoriae
616 796 719 856 magne,

62 875 128 921 quam
139 862 223 907 ludicro
234 863 361 913 certamine,
371 859 458 906 foedior.

95 922 183 987 [Regni
199 935 273 972 autem
289 933 370 977 certus,
382 923 451 970 Urbis
462 923 612 984 principisque
628 922 719 970 incitos-

65 990 125 1035 tione
142 1005 204 1036 suam
221 991 249 1035 ad
264 990 382 1034 utilitatem
398 1003 451 1034 usus
468 995 502 1032 est
518 986 638 1033 Tiridates.
669 984 720 1035 Jam

63 1055 147 1115 pridem
159 1054 240 1106 ltoma,
251 1053 347 1099 fortunae
358 1068 404 1098 suae
416 1067 461 1097 non
472 1066 547 1112 capax,
556 1052 585 1097 ud
595 1056 722 1111 portentosa

64 1134 88 1163 se
99 1125 250 1163 converterat:
270 1118 298 1162 iis
308 1116 430 1162 abundabat
440 1114 546 1161 Tiridatis
560 1114 617 1169 sula,
629 1122 656 1161 ut
670 1122 721 1176 pote

63 1182 108 1240 qui,
120 1182 211 1228 orientis
221 1196 292 1237 more,
303 1179 484 1226 reconditioribus
494 1179 659 1225 mathematice
669 1179 721 1225 ἀοσ-

64 1245 130 1291 trinae
149 1247 231 1291 artibus
248 1245 388 1306 gloriabatur.
421 1243 526 1289 Scientiae
544 1242 611 1289 fidem
628 1241 721 1289 faciebat

64 1324 182 1356 numerosa
203 1324 319 1370 magorum
345 1309 431 1363 cohors,
453 1307 528 1369 regios
549 1307 608 1354 inter
629 1308 721 1353 comites

64 1373 180 1435 praecipua.
221 1372 320 1427 Quirites
342 1372 370 1418 de
391 1388 422 1427 se,
444 1372 472 1418 de
496 1371 581 1433 superis
602 1369 721 1431 inferisque

64 1437 146 1484 sciendi
157 1437 259 1497 cupidine
270 1437 344 1483 statim
354 1435 449 1483 accensi.
482 1435 527 1483 Sed
536 1435 596 1496 apud
605 1433 721 1481 Neronem

63 1499 207 1563 praepotuiere·
218 1516 303 1556 arcana,
315 1515 402 1563 semper
417 1500 480 1547 malis
492 1499 628 1561 principibus
643 1499 672 1546 ob
686 1497 721 1546 fn·

64 1566 108 1611 turi
119 1565 266 1619 formidinem,
276 1565 376 1627 prodigis
390 1572 480 1627 propter
494 1579 561 1625 opum
573 1578 635 1625 spem
653 1570 723 1625 grsts.

64 1627 115 1678 Jam
132 1629 234 1677 diditione
249 1631 318 1677 ardet.
350 1629 468 1691 Discipulo
483 1628 590 1690 superbus
603 1626 720 1683 lincares.

65 1694 216 1755 magisterium
234 1694 326 1740 orditur.
356 1692 417 1740 Tum
439 1695 500 1738 visus
520 1692 606 1754 imperii
623 1691 722 1739 Romani

64 1758 145 1804 arbiter
155 1755 281 1805 Chaldaicis
291 1758 425 1804 vanitatibus
439 1756 548 1810 familiari,
559 1757 641 1803 initiari
652 1756 723 1805 coenis

65 1822 165 1882 magicis,
173 1820 278 1868 veneficis
288 1822 377 1876 artibus,
388 1837 439 1882 qnae
450 1821 473 1867 in
480 1821 574 1881 magicis
583 1821 723 1882 praepollent,

65 1886 146 1932 imbui:
165 1883 248 1948 magni
256 1886 345 1946 quidem
357 1885 426 1932 Urbis
433 1882 536 1940 infamii3
553 1886 637 1947 majore
648 1894 723 1932 tamen

66 1949 199 1996 documento
215 1950 302 1995 inanem
314 1957 337 1996 et
348 1950 493 1997 intestabilem
508 1964 557 1994 esse
567 1958 645 2005 artem,
657 1964 721 2009 quum

65 2028 137 2074 neque
154 2013 233 2060 docere
251 2021 333 2075 posset,
352 2017 388 2074 qui
406 2029 500 2075 regnum
516 2014 632 2074 acciperet,
651 2029 722 2076 neque

65 2078 148 2124 valeret
158 2078 261 2132 ediscere,
273 2080 310 2139 qui
322 2079 368 2124 orbi
379 2080 503 2139 imperaret.

100 2141 143 2203 [At
158 2143 211 2188 licet
227 2142 295 2188 elusae
314 2158 373 2204 spes,
388 2143 446 2189 haud
465 2142 580 2188 imminuta
595 2142 723 2199 liberalitas,

63 2207 163 2268 largiore
173 2221 259 2268 semper
270 2208 392 2267 principum
409 2205 566 2259 munificentih,
578 2221 629 2252 curn
641 2206 722 2253 fallun-

66 2278 102 2316 tur
121 2272 200 2333 magis.
231 2270 312 2332 Igitur,
334 2273 434 2331 quamvis
455 2272 584 2331 octingenta
605 2271 723 2317 nummdm

66 2335 135 2382 millia
145 2336 223 2382 diurna
234 2334 327 2382 Tiridati
342 2335 435 2382 fuissent
448 2343 546 2397 erogata,
558 2336 646 2381 abeunti
658 2350 724 2397 super

65 2401 190 2446 sestertidm
207 2400 286 2447 millies
302 2400 406 2447 collatum
423 2408 464 2447 est.
497 2399 634 2446 Permissum
653 2401 725 2447 adhuc

66 2472 91 2510 ut
107 2465 223 2518 Artaxata,
238 2474 295 2520 ante,
308 2478 332 2512 ut
348 2480 413 2527 supra
429 2472 582 2518 memoratum,
600 2464 674 2511 deleta
689 2465 724 2510 in·

66 2537 182 2576 stauraret„
215 2529 271 2576 Dati
287 2545 375 2589 quoque
393 2528 493 2583 artifices,
512 2529 591 2589 quibus
610 2530 725 2590 plurimos,

66 2595 168 2641 mercede
179 2595 306 2648 conductos,
318 2594 424 2656 adjunxit.
451 2594 488 2640 Sic
499 2593 602 2654 graviore
612 2593 725 2654 impendio

67 2659 132 2707 dutus
160 2659 276 2705 Armeniae
304 2673 350 2712 rex,
373 2673 438 2719 qnam
465 2657 518 2703 olim
540 2656 643 2703 confecta
667 2657 725 2704 bella

64 2739 169 2772 maxima

99 2787 143 2851 [Iis
159 2795 236 2834 auctus
253 2789 387 2841 muneribus,
405 2803 446 2833 nec
462 2787 540 2848 patriae
561 2785 725 2847 superstitionis

66 2851 180 2907 sollicitus,
199 2850 311 2898 Tiridates
327 2851 447 2899 Brundisio
466 2852 539 2906 solvit,
555 2849 725 2911 Dyrrhachium

55 2916 178 2976 petiturus.
210 2915 270 2967 [nde
292 2917 358 2966 Asiae
377 2917 446 2964 nrbes
464 2917 551 2971 inrisit,
564 2915 656 2974 imperis
673 2928 730 2972 spu
