1680 3188
75 133 96 173 J.
104 135 129 175 c.
138 131 173 180 61.
206 128 398 178 ANNALIUM
409 127 537 177 Lval.
546 127 651 185 Curat.
695 135 741 180 149
803 86 805 93 Ι

73 261 176 316 numine,
191 274 258 323 supra
271 262 393 307 humanos:
412 273 478 320 posse
491 259 539 321 ipso
552 260 662 306 miraculo·
671 262 738 307 etiam

73 324 194 373 Neronem
210 324 349 386 permoveri:
374 323 408 370 sin
425 323 550 369 crudelitati
566 325 683 379 insisteret,
703 325 738 371 di-

77 389 164 452 stingui
174 397 237 435 certe
248 388 306 451 apud
315 393 417 449 posteros
427 387 557 433 memoriam
569 387 656 433 honesti
664 388 739 436 exitds

75 453 102 500 ab
112 449 207 514 ignat-iai
216 468 257 514 per
268 452 379 500 silentium
391 451 538 512 pereuntium.

105 514 206 563 XXVI.
224 514 316 570 Contra,
328 515 365 575 qui
375 514 531 579 opperiendum
541 514 600 560 domi
609 516 735 570 censebant,

74 580 103 629 de'
112 582 163 642 ipso
174 578 276 627 Thrasea
286 580 375 626 eadem:
395 579 434 625 sed
445 578 539 625 ludibria
553 584 576 624 et
590 580 739 627 contumelias

74 646 200 692 imminere.
233 643 378 691 Subtraheret
395 657 460 689 aures
478 643 585 688 conviciis
604 650 627 688 et
644 644 738 703 probris.

74 707 130 756 Non
152 709 227 756 solum
250 705 410 756 Cossutianum
433 713 471 753 aut
492 705 586 766 Eprium
612 706 640 752 ad
664 708 736 755 scelus

73 779 189 835 promtos:
209 787 330 834 superesse,
342 771 380 831 qui
391 771 484 817 forsitan
495 785 574 817 manus
585 771 686 830 ictusque
696 787 736 832 per

74 837 238 884 immanitatem
249 836 335 883 ausuri:
353 835 420 881 etiam
431 835 501 880 bonos
511 841 573 880 metu
585 835 653 896 sequi.
684 835 735 882 De·

73 901 172 951 traheret
179 901 254 963 potius
263 899 356 953 senatui,
365 913 431 959 quem
440 899 609 960 perornavisset,
621 898 735 946 infamiam

74 966 131 1013 tanti
149 964 245 1027 flagitii3
270 971 293 1011 et
312 962 447 1024 relinqueret
465 964 580 1017 incertum,
603 964 662 1023 quid,
685 965 735 1013 viso

73 1027 175 1077 Tirased
185 1044 231 1084 reo,
246 1027 355 1075 decreturi
367 1035 441 1089 patres
450 1027 539 1074 fuerint
572 1026 608 1074 Ut
618 1026 735 1075 Neronem

73 1091 211 1156 flagitiorum
219 1092 290 1154 pudor
298 1098 392 1154 caperet,
401 1089 465 1137 irrite
472 1107 511 1153 spe
517 1092 608 1152 agitari:
621 1092 735 1153 multoque

72 1159 146 1220 magIs
162 1154 294 1211 timendum,
314 1171 342 1202 ne
358 1157 381 1202 in
398 1157 524 1218 conjugem,
541 1156 564 1201 in
580 1155 691 1210 familiam,
711 1157 738 1219 in

72 1229 155 1269 eaetera
168 1222 264 1285 pignora
279 1222 327 1284 ejus
340 1221 436 1268 saeviret.
470 1219 568 1266 Proinde
584 1220 735 1275 intemeratus,

72 1286 210 1349 impollutus,
227 1300 323 1346 quorum
339 1285 440 1346 vestigiis
457 1291 479 1330 et
496 1283 574 1330 studiis
589 1285 658 1330 vitam
676 1285 733 1330 dux·

72 1351 122 1404 erit,
133 1364 221 1402 ,eorum
240 1347 312 1410 glorid
330 1356 416 1410 peteret
431 1346 505 1394 finem.
539 1347 624 1394 Aderat
640 1349 733 1395 consilio

71 1412 183 1462 Rusticus
194 1413 315 1467 Arulenus,
327 1411 425 1474 flagrans
431 1412 528 1474 juvenis,
540 1419 563 1457 et
574 1412 675 1473 cupidine
683 1413 732 1460 lau·

71 1478 106 1525 dis
113 1478 227 1532 offerebat,
237 1493 261 1524 se
269 1478 441 1524 intercessurum
449 1474 665 1523 senatus-consulto:
680 1492 733 1523 nam

70 1543 142 1609 plebis
152 1543 255 1597 tribunus
266 1549 320 1588 erat.
350 1539 456 1588 Cohibuit
466 1540 555 1603 spiritus
566 1542 614 1602 ejus
625 1539 731 1595 Thrasea.

70 1620 100 1655 ue
115 1621 175 1655 varta
189 1613 212 1652 et
226 1621 265 1652 reo
280 1620 325 1652 uon
338 1604 461 1666 profutura,
475 1605 616 1652 intercessori
630 1606 731 1661 exitiosa,

69 1671 187 1734 inciperet,
219 1670 265 1716 Sibi
275 1678 347 1716 aetam
360 1676 455 1722 aetatem,
467 1678 489 1715 et
500 1676 534 1715 tot
544 1685 585 1730 per
594 1684 664 1716 annos
676 1685 731 1717 eon·

68 1735 159 1783 tiuuum
173 1734 228 1781 vitae
242 1734 341 1781 ordinem
356 1748 402 1780 non
416 1733 575 1783 deserendum:
596 1734 628 1779 iili
643 1734 731 1781 initium

69 1800 249 1863 magistratuum,
267 1805 290 1845 et
304 1799 397 1860 integra,
414 1812 466 1859 quae
480 1798 597 1859 supersint.
629 1797 731 1845 Multum

69 1871 123 1911 ante
134 1878 211 1910 seeum
222 1863 363 1924 expenderet,
374 1862 440 1922 quod,
452 1862 490 1907 tali
501 1862 524 1907 in
536 1869 641 1922 tempore,
653 1877 731 1924 capes·

69 1926 148 1995 sendae
160 1927 286 1989 reipublicae
302 1927 344 1972 iter
356 1926 516 1987 ingrederetur.
550 1924 663 1972 Caeterum
677 1927 731 1988 ipse,

45 2040 51 2047 ,
69 2006 100 2038 an
111 1991 190 2038 venire
206 1991 229 2036 in
244 1998 345 2037 senatum
357 1991 451 2045 deceret,
463 1990 600 2036 meditationi
616 2004 663 2036 suae
678 1991 731 2037 reli·

83 2056 125 2103 uit.

67 2071 83 2119 q
101 2116 214 2167 XXVII.
233 2119 267 2166 At
277 2117 366 2181 posteri
374 2119 431 2173 luce,
443 2118 494 2164 duae
504 2116 615 2180 praetoriae
626 2118 731 2165 cohortes
781 2168 787 2179 ,

67 2191 161 2233 armatae
172 2183 279 2245 templum
292 2184 419 2232 Genetricis
429 2181 525 2229 Veneris
535 2179 643 2227 inseddre.
671 2181 730 2227 Adi·

68 2256 119 2301 tum
128 2247 219 2295 senatus
226 2248 305 2311 globus
313 2256 441 2310 togatorum
450 2247 570 2301 obsederat,
583 2261 629 2291 non
637 2246 732 2294 occultis

67 2312 164 2375 gladiis:
184 2310 319 2375 dispersique
333 2328 373 2374 per
385 2312 434 2358 sora
446 2327 471 2358 ac
482 2311 583 2358 basilicas
594 2310 659 2355 cunei
669 2309 729 2356 mili-

67 2385 142 2424 tares:
162 2377 221 2422 inter
231 2391 325 2437 quorum
336 2377 452 2438 adspectus
464 2383 486 2422 et
497 2378 569 2421 minas
583 2373 679 2436 ingressi
690 2389 730 2421 eu·

69 2442 126 2488 riam
141 2446 263 2488 senatores.
295 2439 328 2487 Et
342 2442 411 2488 oratio
425 2441 531 2502 principis
545 2455 583 2500 per
595 2444 735 2499 quaestorem

68 2505 118 2568 ejus
126 2504 202 2551 audita
209 2513 254 2552 est:
272 2506 361 2552 nemine
369 2506 500 2552 nominatim
508 2503 647 2565 compellato,
656 2509 734 2565 patres

68 2570 183 2631 arguebat,
196 2569 256 2630 quod
269 2569 358 2633 publiea
372 2570 449 2618 munia
462 2569 598 2625 desererent,
611 2565 737 2628 eorumque

60 2631 165 2697 tlfflffl‘t
186 2634 277 2696 equite,
296 2633 370 2689 Rom.
395 2637 427 2690 ad
448 2636 578 2755 segnitia}
595 2638 755 2687 tenerentur.

528 2720 547 2754 o
