1680 3188
142 220 170 261 38
204 214 396 263 ANNALIUM
408 212 539 261 melv.
551 212 611 262 Cur.
621 217 660 259 48.
688 216 717 254 U.
726 215 751 254 c.
761 213 806 254 816.

137 352 181 403 rat,
192 343 328 408 conglobata
344 345 494 400 multitudine,
514 353 538 392 et
553 360 608 393 saxa
627 359 653 391 ac
664 343 725 390 iaces
736 343 805 389 mini·

138 417 208 458 tauta.
240 410 301 458 Tum
314 409 395 459 Caesar
404 411 512 473 papulum
523 410 597 457 edicto
607 411 725 471 increpuit.
737 416 807 468 atque

137 491 206 523 omne
215 476 265 529 iter,
277 491 322 537 quo
332 476 431 523 damnati
443 476 471 523 ad
481 490 572 538 poenam
583 476 728 527 ducebantur,
744 473 806 519 mili-

138 534 222 587 taribus
232 540 343 602 praesidiis
351 542 430 602 sepsit.
465 539 592 589 censuerat
604 539 733 601 Cingonius
743 536 805 584 Var-
826 573 827 577 ,

137 621 170 661 ro,
190 613 215 652 ut
225 605 298 652 liberti
309 621 405 667 quoque,
424 606 462 668 qui
478 607 519 653 sub
537 606 617 652 eodem
628 613 690 651 tecto
700 603 805 657 fuissent,

139 669 207 718 talia
223 672 401 733 deportarentur.
434 670 463 717 ld
480 671 604 732 aprincipe
614 669 752 732 prohibitum
762 674 804 723 est,

138 751 168 783 ne
178 751 228 783 mos
239 738 350 798 antiquus,
370 751 438 797 quem
457 737 609 784 misericordia
627 749 673 781 non
684 735 805 788 minuerat,

137 817 177 865 per
189 803 299 848 saevitiam
310 804 470 849 intenderetur.

171 865 266 913 XLVI.
284 866 414 914 Damnatus
430 868 509 913 iisdem
524 866 653 913 consulibus
671 863 805 926 Tarquitius
826 902 827 906 ,

138 931 231 979 Priscus
262 933 442 993 repetundarum,
472 931 580 992 Bithynis
605 929 827 991 interrogantibus:

138 1011 223 1058 magno
233 1005 322 1058 patrum
333 998 423 1060 gaudio,
443 998 480 1058 qui
496 1005 626 1044 accusatum
644 997 672 1042 ab
686 1010 714 1041 eo
732 994 804 1041 Stati·

136 1061 193 1107 lium
215 1061 327 1121 Taurum,
355 1063 512 1123 proconsulem
539 1063 617 1123 ipsius,
645 1060 804 1106 meminerant.

139 1123 230 1174 Census
239 1143 280 1188 per
292 1127 378 1174 Gallias
395 1143 408 1174 a
420 1127 556 1183 Q,Volusio
566 1135 590 1173 et
602 1127 681 1173 Sextio
693 1124 804 1171 Africano

138 1189 296 1252 Trebellioque
315 1192 421 1240 Maximo
440 1195 484 1240 acti
504 1200 563 1246 sunt,
584 1191 672 1238 aemulis
690 1191 752 1236 inter
770 1202 803 1244 se,

137 1271 178 1317 per
196 1257 339 1313 nobilitatem,
361 1258 457 1305 Volusio
477 1267 543 1318 atque
563 1257 686 1303 Africano:
706 1253 803 1301 Trebel·
826 1284 827 1291 .

136 1320 192 1368 lium
204 1323 257 1369 dum
268 1330 363 1384 uterque
373 1324 512 1385 dedignatur,
525 1338 592 1383 supra
601 1319 680 1368 tulaire.

171 1386 278 1433 XLVlL
296 1388 334 1435 Eo
351 1404 411 1435 anno
430 1398 526 1434 mortem
542 1388 596 1434 obiit
615 1387 741 1433 Memmius
753 1384 803 1433 Ra-
821 1417 826 1423 -

138 1452 213 1512 gulas,
236 1454 375 1507 auctoritate,
398 1451 530 1506 constantii,
552 1450 619 1506 fami,
638 1453 662 1497 in
684 1459 803 1511 quantum,

137 1518 303 1578 praeumbrante
328 1518 469 1578 imperatoris
490 1517 588 1579 fastigio,
618 1517 689 1570 datur,
712 1517 811 1573 claniag.

138 1582 200 1635 adeo,
216 1588 242 1626 ut
254 1580 323 1635 Nero,
343 1596 405 1642 aeger
420 1581 554 1636 valetudine,
573 1589 596 1628 et
607 1582 748 1628 adulantibus
759 1581 804 1627 cir·

138 1660 197 1699 cum,
212 1646 251 1705 qui
262 1644 330 1691 finem
340 1646 435 1707 imperio
446 1646 524 1693 adesse
535 1647 646 1702 dicebant,
658 1645 676 1692 si
687 1646 742 1706 quid
755 1644 804 1693 sato

136 1717 259 1771 pateretur,
280 1710 425 1772 responderit,
440 1711 522 1757 babere
539 1710 661 1757 subsidium
681 1710 802 1771 rempubli-

137 1790 195 1821 cam.
228 1773 371 1836 lingentibus
382 1776 470 1831 debinc,
488 1776 511 1821 in
529 1791 575 1835 quo
585 1774 746 1837 potissimum?
763 1774 797 1821 ad·

137 1840 230 1893 diderat,
241 1840 265 1884 in
276 1839 390 1886 Memmio
400 1839 500 1902 Regulo.
529 1839 595 1887 Vixit
604 1848 680 1886 tamen
691 1839 791 1902 posthae

137 1903 249 1967 Regulus,
267 1906 343 1964 quiete
355 1905 467 1960 defensus,
485 1912 509 1952 et
520 1906 572 1966 quia
583 1904 643 1952 nord
654 1905 746 1966 generis
756 1904 788 1951 cla

138 1969 242 2026 titudine,
262 1984 335 2030 neque
347 1970 462 2018 invidiosis
473 1972 552 2033 opibus
563 1979 617 2017 erat.
651 1970 780 2029 Gymnasiu

137 2049 165 2080 eo
176 2048 236 2080 anno
251 2034 378 2082 dedicatum
394 2051 407 2082 a
427 2034 528 2092 Nerone,
545 2036 708 2099 praebitumque
728 2035 778 2082 olea

136 2099 206 2159 equiti
217 2113 243 2146 ac
254 2102 348 2155 senatui,
361 2099 445 2148 Graeci
454 2102 567 2148 facilitate.

138 2194 269 2244 U·0·⁸¹⁶·
301 2162 767 2292 ..iillailmimum

165 2258 256 2310 ὀὀδ’
299 2295 334 2342 bis
344 2296 438 2343 licenter
455 2297 530 2357 egisse
547 2296 677 2348 memoravi,
697 2296 757 2357 prob*

137 2358 244 2406 adversm
261 2360 385 2421 principem
403 2362 504 2407 earmina
519 2361 636 2413 factitavit.
656 2360 749 2420 vulgavi

138 2424 218 2470 celebri
230 2424 341 2479 convivio,
354 2426 475 2486 dunuapud
486 2426 603 2472 Ostorium
616 2425 737 2485 Scapulam

125 2487 195 2535 latur.
229 2489 295 2537 Exin
314 2506 329 2538 a
341 2487 482 2540 Cossutiano
493 2489 614 2552 Capitone,
632 2490 673 2547 nui
686 2504 742 2547 nupt

112 2553 238 2602 natalium
250 2557 367 2614 ordinem,
379 2559 492 2623 precibus
500 2555 623 2620 Tigellini,
634 2552 709 2622 soceri
722 2564 738 2593 s

32 2645 78 2689 χ
102 2626 212 2679 oeP‘fflb
228 2625 367 2688 majestatis
381 2626 479 2675 delatus
491 2634 537 2673 est.
570 2618 640 2665 ‘lum
649 2625 733 2687 lim

94 2686 153 2721 “⁴¹
171 2698 205 2734 ea
226 2689 289 2739 lex:
320 2695 526 2754 credebaturque
543 2685 616 2737 baud
631 2674 728 2748 intubi*

153 2750 215 2819 ,25⁰0
238 2772 325 2821 quam
341 2760 502 2828 imperatori
525 2753 612 2822 gloria
629 2744 723 2810 affl*
