1680 3188
241 111 437 165 GERMANIA.
458 111 568 163 canit.
689 119 736 166 1oe

66 245 180 294 dolionis
191 245 288 299 advenit,
304 252 380 306 aperta
395 245 521 306 populatur,
537 244 611 292 abdita
625 250 701 293 autern
712 253 737 294 et

65 311 157 358 defossa
167 318 206 357 aut
216 312 355 372 ignorantur,
367 316 406 355 aut
414 325 441 356 eo
450 311 498 372 ipso
506 309 593 366 fallunt,
604 311 664 371 quod
672 325 735 372 qute-

64 377 323 502 nuqavsqutTegimen
340 439 442 485 omnibus
458 453 544 501 sagum,
561 438 635 495 fibula,
651 447 696 496 aut,
714 441 734 488 si

66 505 131 560 desit,
151 503 216 565 spinal
236 511 380 552 consertum:
407 512 488 550 caetera
508 506 586 551 intecti
606 513 666 552 totos
686 507 734 554 dies

61 570 129 631 juxta
150 569 226 616 iocum
249 577 316 628 atque
338 570 414 630 ignem
436 578 514 630 agunt.
550 568 733 632 LocupletissImi

65 643 130 691 veste
141 635 316 696 distinguuntur,
332 649 377 680 non
388 633 496 689 fluitante,
514 634 572 680 sicut
583 635 691 683 Sarmatae
706 651 733 684 ae

16 697 18 701 ’
66 697 153 752 Parthi,
176 699 215 744 sed
237 697 313 745 strictis
334 706 357 744 et
378 699 481 760 singulos
503 706 564 745 artus
586 701 732 762 exprimente.

66 765 158 821 Gerunt
175 770 198 810 et
208 763 305 810 ferarum
316 763 392 824 pelles,
404 763 499 825 proximi
511 765 566 824 ripae
582 766 732 827 negligenter,

65 830 184 889 ulteriores
200 829 339 888 exquisitius,
351 836 376 874 ut
387 829 467 887 quibus
479 829 554 874 nullus
564 844 604 890 per
620 845 731 878 commer-

63 895 98 947 οἱα
109 895 191 940 cultus.
219 893 316 954 Eligant
326 892 392 946 feras,
404 901 426 939 et
437 893 536 940 detracta
546 894 657 941 velamina
668 911 731 957 spar-

62 967 121 1019 gunt
140 959 240 1012 maculis,
259 959 396 1020 pellibusque
410 957 542 1012 belluarum,
561 974 616 1019 quas
633 961 731 1008 exterior

62 1022 169 1077 Oceanus
191 1031 258 1083 atque
278 1025 381 1084 ignotum
404 1037 466 1069 mare
487 1023 569 1084 gignit.
602 1023 653 1070 Nec
673 1025 730 1073 alius

61 1087 152 1135 seminis
163 1104 230 1148 quam
246 1088 301 1134 viris
312 1088 405 1141 babitus,
417 1088 459 1133 nisi
471 1088 531 1147 quod
540 1087 631 1135 feminae
648 1091 730 1152 saepius

60 1153 126 1207 I'ureis
148 1153 264 1200 amictibus
277 1152 396 1205 uelantur,
415 1167 499 1212 eosque
520 1152 617 1214 purpuria
635 1156 730 1213 variant,

59 1226 194 1279 partemque
204 1217 300 1264 vcstitds
311 1217 430 1278 superioris
446 1218 469 1263 in
478 1221 580 1264 manicas
591 1233 636 1264 non
648 1228 731 1266 exten·

61 1283 124 1341 dunt,
136 1284 204 1330 nudae
215 1283 303 1328 brachia
314 1297 340 1328 ac
350 1282 459 1329 lacertosz
479 1282 553 1329 sedet
565 1284 667 1344 proxima
677 1299 729 1346 pars

59 1349 158 1410 pectoris
169 1355 238 1410 patet.

94 1412 194 1459 XVIII.
213 1413 355 1474 Quamquam
366 1425 444 1461 severa
457 1413 502 1461 illic
513 1415 668 1472 matrimonia;
685 1429 728 1464 nea

60 1477 130 1524 ullam
147 1493 235 1525 morum
252 1486 337 1540 partem
354 1480 427 1540 magia
438 1479 577 1526 laudaveris:
596 1496 647 1527 nam
658 1495 728 1543 prope

61 1543 103 1590 soli
115 1545 258 1590 barbarorum
270 1543 364 1605 singulis
380 1545 486 1591 uxoribus
498 1546 597 1592 contenti
614 1553 672 1601 sunt,
685 1560 726 1592 ex-

60 1608 132 1668 ceptis
143 1609 262 1655 admodum
274 1610 357 1670 paucis,
372 1611 416 1670 qui,
428 1625 474 1656 non
485 1610 582 1664 libidine,
595 1611 634 1656 sed
644 1611 673 1657 ob
684 1624 726 1657 no·

60 1671 176 1726 bilitatem,
194 1674 294 1734 plurimis
311 1675 393 1735 nuptiis
410 1675 543 1720 ambiuntur.
575 1673 661 1722 Dotem
679 1690 726 1722 non

61 1751 119 1788 uxor
135 1739 222 1794 marito,
243 1739 282 1785 sed
301 1740 365 1786 uxori
387 1741 487 1793 maritus,
506 1738 578 1786 offert.
610 1737 728 1788 Interaunt

61 1811 166 1862 parentes
179 1812 205 1861 et
220 1805 381 1866 propinqui-ac
398 1819 491 1850 munera
506 1805 613 1866 probant:
633 1820 728 1854 munera

61 1882 108 1914 non
126 1869 155 1914 ad
166 1869 256 1916 delicias
271 1870 389 1915 muliebres
403 1869 503 1930 quaesita,
516 1885 557 1916 nec
567 1870 647 1930 quibus
665 1885 727 1918 nova

61 1940 132 1994 nupta
150 1942 264 1991 comatur;
283 1936 322 1981 sed
337 1935 411 1989 boves,
429 1942 452 1981 et
468 1934 579 1981 frenatum
597 1950 686 1996 equum,
703 1941 728 1983 et

61 2005 152 2047 scutum
174 2015 226 2045 curn
247 1997 331 2046 framcd
352 2000 478 2061 gladioque.
510 1997 540 2045 In
562 2000 611 2046 haec
632 2014 727 2048 munera

60 2077 119 2110 uxor
130 2065 250 2126 accipitur;
268 2073 334 2124 atque
344 2065 440 2110 invicem
455 2066 504 2125 ipsa
518 2078 630 2110 annorum
642 2065 726 2125 aliquid

59 2129 110 2179 viro
130 2128 208 2175 affert:
233 2129 277 2175 hoo
295 2129 418 2174 maximum
436 2128 558 2182 vinculum,
576 2130 626 2175 haec
645 2144 726 2178 arcana

57 2206 129 2246 sacra,
144 2193 186 2240 bos
201 2193 330 2255 conjugales
345 2194 398 2239 detis
415 2193 555 2239 arbitrantur.
588 2192 626 2239 Ne
638 2209 662 2240 se
672 2209 725 2240 mu·

57 2256 99 2317 lier
117 2265 181 2304 extra
198 2259 305 2304 virtutum
324 2259 472 2319 cogitationes
489 2264 597 2317 extraque
614 2258 725 2305 bellorum

56 2336 123 2368 casus
134 2329 203 2384 putet,
216 2324 269 2385 ipsis
279 2323 404 2385 incipientIs
417 2323 553 2369 matrimonii
569 2323 672 2384 auspiciis
684 2323 724 2369 ad·

57 2395 169 2443 monetur,
182 2389 259 2435 venire
269 2403 293 2434 se
309 2388 408 2435 laborum
420 2389 615 2450 periculorumque
631 2388 723 2442 sociam,

56 2450 117 2498 idem
129 2454 153 2498 in
164 2467 225 2514 pace,
236 2453 295 2499 idem
306 2453 329 2498 in
340 2453 421 2514 proelio
432 2468 547 2516 passuram
559 2467 721 2512 ausuramque:

56 2515 99 2576 hoc
112 2518 188 2579 juncti
203 2519 278 2570 boves,
289 2518 332 2564 hoc
342 2528 432 2579 paratus
448 2534 525 2580 equus,
537 2519 580 2564 hoc
594 2518 646 2564 data
660 2531 723 2566 arma

55 2580 196 2642 denuntiant.
227 2581 267 2636 sio
285 2583 415 2640 vivendum,
436 2584 469 2633 sic
485 2584 646 2649 pereunduma
664 2583 728 2634 aad*

80 2659 130 2691 ror.
141 2659 170 2693 ιι.
523 2667 538 2698 s
767 2696 796 2743 d
