1680 3188
152 419 185 462 84
212 411 678 464 .ANNALIUMLmX1V.car.·ss.
705 416 821 460 mcsrs.

153 545 254 602 victoriis,
268 553 350 594 cuncto
359 547 521 608 ipsiseessura
554 544 580 592 Is
594 545 661 593 ardor
679 546 750 593 verba
759 545 835 594 dusia-

154 613 293 671 sequebatur,
310 613 343 659 ita
353 627 378 658 se
389 611 417 656 ad
428 611 576 670 intorquenda
586 611 631 671 pila
641 611 772 672 expedierat
782 627 822 658 ve·

153 681 191 722 tus
202 678 266 722 miles
277 684 301 723 et
310 675 382 723 multa
393 676 523 737 proeliorum
533 673 677 737 experientis,
695 684 727 730 ut,
747 686 823 724 certus

150 742 256 795 eventis,
269 742 392 789 Suetonius
403 742 466 787 daret
475 755 561 801 pugnae
571 741 671 802 signum.

186 805 325 853 XXXVII.
342 807 378 854 Ac
395 805 490 868 primum
511 806 572 867 legio
589 806 661 867 gradu
677 805 781 861 immota,
798 812 822 853 et

152 873 270 933 augustias
286 872 329 919 looi
347 887 388 933 pro
408 871 548 917 munimento
571 872 678 926 retinens,
700 878 821 932 postquem

153 937 245 998 propius
256 952 391 999 suggressus
409 937 480 983 hostis
499 944 560 981 certo
575 937 640 997 jactu
656 935 700 983 tela
711 937 823 983 exhause-

154 1009 195 1056 rst,
207 1002 270 1049 velut
281 1018 353 1049 cuneo
365 1002 445 1062 erupit.
479 998 543 1046 Idem
554 1000 695 1046 auxiliarium
707 1002 819 1062 impetus:

154 1073 178 1113 et
189 1082 264 1126 eques,
276 1067 386 1128 prusensis
397 1066 476 1122 hastis,
487 1064 613 1126 perfringit,
625 1065 686 1126 quod
697 1066 791 1113 obvium
799 1073 822 1113 et

154 1132 253 1178 validum
265 1139 320 1178 erat
354 1130 438 1178 Caeteri
450 1138 516 1191 terga
526 1127 649 1192 praebudre,
669 1130 755 1178 difficili
765 1130 823 1179 effia-

154 1196 200 1258 gio.
213 1197 264 1256 quia
275 1197 419 1258 circumjecta
434 1195 537 1242 vehicula
548 1203 665 1256 sepserant
675 1195 756 1242 abitus.
788 1195 822 1244 Et

154 1261 261 1308 milesne
279 1261 400 1307 mulierum
419 1261 517 1321 quidem.
528 1261 578 1308 neci
597 1261 735 1322 temperabat
741 1277 750 1319 ;
768 1276 823 1309 eou-

149 1324 245 1386 -fixaque
255 1326 306 1373 telis
319 1327 386 1373 etiarn
394 1327 498 1387 jumenta
510 1340 628 1387 corporum
639 1325 755 1372 cumulum
767 1341 823 1373 aux·

157 1401 227 1437 erent.
261 1389 329 1439 Clare
348 1399 371 1437 et
390 1391 487 1451 antiquis
506 1391 607 1437 victoriis
623 1404 664 1452 psr
678 1389 706 1437 ed
721 1391 758 1437 die
775 1391 824 1438 laus

157 1465 235 1516 parta:
255 1457 337 1518 quippe
345 1464 404 1511 suut,
416 1457 454 1515 qui
465 1455 532 1517 paulo
543 1455 618 1501 minus
631 1470 698 1515 quam
708 1456 825 1519 octoginta

156 1521 226 1567 millia
245 1520 406 1570 Britannorum
422 1521 531 1567 cecidisse
550 1520 647 1578 traduat,
659 1520 758 1567 militum
769 1536 825 1583 qua·

157 1585 283 1648 dringeutis
293 1586 364 1632 ferme
375 1585 505 1640 interfectis,
522 1600 563 1633 nec
575 1585 647 1631 multo
664 1587 761 1649 sruplius
772 1586 823 1635 vul-

156 1653 247 1698 neratis.
276 1650 390 1698 Boadicea
399 1651 470 1696 vitum
481 1665 570 1697 veneno
580 1649 659 1696 finivit
682 1650 716 1697 Et
728 1649 824 1698 Poeuius

157 1713 288 1770 Postumus,
308 1715 428 1777 praefectus
448 1724 571 1762 castrorum
592 1715 697 1762 secundae
720 1715 824 1778 legionis,

154 1782 254 1841 cognitis
262 1781 511 1842 quartadeoiuranorum
518 1780 752 1842 vicesimanorumque
759 1797 823 1843 pros·

156 1845 216 1906 peris
234 1848 305 1901 rebus,
323 1847 375 1907 quia
385 1847 432 1908 pari
443 1843 517 1907 glorii
532 1845 646 1907 legionem
658 1861 722 1892 suam
733 1845 823 1894 frauda·

155 1917 226 1965 verat,
238 1912 395 1971 obrueratque,
407 1919 487 1958 contra
497 1910 564 1957 ritum
576 1910 669 1966 militiae,
677 1912 743 1973 Jussa
753 1912 824 1968 ducis,

157 1989 183 2022 se
193 1976 265 2037 ipsum
278 1977 353 2036 gladio
365 1977 482 2037 transegit

135 2090 140 2098 ‚
188 2039 341 2088 XXXVIII.
359 2039 496 2089 Contrsutus
516 2043 596 2099 deinde
618 2043 693 2089 omnis
712 2043 824 2091 exereitus

157 2106 198 2151 sub
205 2101 302 2167 'pellibus
313 2107 402 2153 habitus
413 2114 454 2160 est,
471 2107 499 2153 ad
514 2108 599 2168 reliqua
609 2108 660 2154 belli
672 2108 826 2169 perpetranda.

156 2169 273 2231 Auxitque
291 2172 365 2232 copias
382 2171 467 2227 Caesar,
486 2173 561 2219 missis
578 2172 728 2220 eGermaniri
738 2173 825 2219 duobus

155 2233 330 2296 legionariorum
342 2237 447 2290 millibus,
465 2244 517 2284 octo
535 2239 676 2283 auxiliarium
688 2239 824 2292 cohortibus,

156 2314 183 2345 ao
194 2301 255 2347 mille
265 2303 391 2361 equitibus:
411 2317 508 2362 quorum
516 2303 614 2349 aduentu
625 2304 709 2348 nonani
720 2303 823 2364 legiona-

151 2365 191 2411 rio
202 2367 273 2411 milite
285 2367 379 2428 suppleti
397 2375 463 2424 sunt;
482 2369 586 2414 cobortes
605 2367 692 2433 alaeque
709 2368 776 2414 novis
791 2368 825 2413 bi·

157 2430 282 2476 bernaculis
293 2432 374 2478 locutae
381 2449 389 2489 ;
407 2433 511 2493 quodque
523 2434 639 2479 nationum
648 2434 780 2494 ambiguum
788 2440 827 2479 sut

151 2496 278 2542 adversum
289 2495 368 2550 fuerat,
381 2499 430 2559 igni
443 2507 510 2557 utque
520 2497 580 2543 ferro
591 2507 699 2544 vastatur.
734 2498 780 2544 Sed
792 2499 826 2543 ui-

154 2560 188 2605 bil
201 2575 271 2622 aeque,
280 2577 346 2621 quam
358 2562 436 2615 sumes,
448 2563 561 2624 affligebat
570 2562 669 2608 serendis
677 2562 781 2620 frugibus
792 2563 827 2608 iu·

157 2625 265 2676 curiosos,
282 2636 305 2672 et
317 2628 378 2673 omui
391 2635 457 2675 aetute
474 2628 503 2674 sd
519 2627 603 2673 bellum
615 2626 688 2680 versis,
706 2628 760 2673 dum
774 2643 827 2674 uos·

153 2696 204 2736 tros
216 2699 355 2738 commeatus
367 2693 408 2738 sibi
426 2693 554 2739 destinant:
575 2702 700 2754 gentesque
718 2691 828 2754 praesero·

156 2769 195 2802 ees
206 2757 292 2802 tardius
303 2758 331 2802 ud
346 2772 423 2817 paoem
443 2757 564 2804 inclinant:
584 2759 636 2819 quia
651 2757 726 2806 Julius
740 2755 827 2804 Classi-

151 2820 241 2874 ,oisuus
253 2837 369 2868 successor
386 2821 445 2870 Csto
461 2824 550 2871 missus.
569 2832 593 2870 et
608 2823 718 2872 Suetonio
733 2823 827 2877 discors

144 2884 234 2930 honum
253 2887 370 2949 publicum
392 2889 489 2952 priuatis
508 2890 659 2937 siruultutibus
675 2872 825 2946 inrped'rebsti

7 2926 68 3022 ι
95 2976 99 2983 -
124 2945 336 3015 disperseratque,
357 2973 451 3010 novum
466 2956 576 3023 legatum
594 2950 761 3018 opperieudum
773 2963 837 2994 esser
