1680 3188
55 154 114 198 Μ).
123 151 158 195 61·
187 147 383 198 ANNALIUM
399 146 651 200 namucum
701 153 733 201 7⁷

55 282 159 332 vanitate
174 284 225 328 orta
241 279 396 341 interpretatio
407 279 598 342 fulgurisznam,
617 281 670 344 quia
680 281 727 332 ‹iin-

56 348 186 396 cumbentia
197 345 298 392 Neronis
307 345 367 407 apud
379 344 508 392 Simbruina
517 351 606 408 stagna,
619 347 656 395 cni
667 346 728 409 Sub·¹

55 414 164 474 laqueum
181 425 265 457 nomen
279 416 321 463 est,
338 411 390 457 ictae
408 410 483 472 dapes,
498 426 620 474 mensaque
633 413 730 476 disjecta

55 485 113 535 erat,
125 478 194 538 idque
204 474 286 524 finibus
296 474 417 522 Tiburtum
432 475 551 532 accideret,
567 477 626 527 unde
635 484 731 540 paterna
765 485 767 488 '

58 541 143 591 Plauto
162 541 235 604 erigo,
257 540 317 586 bunc
336 540 400 587 illurn
422 541 516 587 numine
534 540 601 588 deum
621 538 728 592 destinari

57 607 193 655 credebant:
212 604 363 666 fovebantque
377 606 449 660 multi,
462 605 549 667 quibus,
561 622 620 654 nova
631 615 654 655 et
664 605 728 656 enci-⁴

56 673 113 734 pitia
130 670 261 733 praecolere,
279 670 346 718 avida
361 678 385 718 et
399 670 532 733 plerumque
549 669 619 718 fallax
636 673 730 721 ambitio

57 743 99 784 est.
134 735 202 798 Ergo
211 743 328 798 permotus
337 735 367 783 iis
377 735 449 792 Nero,
456 736 572 799 componit
581 737 610 784 ad
621 735 730 786 Plautum

56 803 141 856 literas,
154 803 283 849 consideret
292 802 363 863 quieti
374 800 451 858 Urbis,
459 801 728 864 sequeprarediffaman·

59 868 119 915 tibiis
133 867 288 926 subtraheret:
308 883 359 915 esee
372 866 404 915 iili
420 881 461 929 per
476 867 557 914 Asiam
568 868 641 917 avitos
651 883 728 934 agros,

59 933 176 994 inquibus
190 930 241 978 tuti
258 939 283 979 et
299 929 412 981 inturbidi
424 929 520 995 juventi
537 932 657 982 frueretur.
690 930 729 982 Ita

58 999 113 1046 illuc
120 1012 175 1044 curn
184 998 285 1060 conjuge
294 995 398 1045 Antistia
404 998 509 1060 etpaucis
518 996 660 1046 familiarium
670 1013 729 1047 con·

59 1064 134 1111 cessit.
168 1060 254 1109 Iisdem
265 1062 342 1110 diebus
354 1063 423 1110 nimia
439 1062 507 1110 luxus
520 1063 602 1127 cupido
611 1063 729 1111 infamiam

58 1136 82 1176 et
91 1128 218 1192 periculum
235 1126 325 1175 Neroni
341 1128 400 1184 tulit,
414 1129 465 1188 quia
478 1127 574 1175 fontem*
584 1143 650 1190 aquae
661 1127 729 1176 Mar·

58 1195 107 1251 cire,
119 1194 149 1241 ad
157 1192 245 1240 Urbem
254 1193 363 1248 deductae,
371 1193 444 1239 nando
451 1194 587 1241 incesseratr
600 1193 729 1242 videbatur·

59 1275 103 1321 que
119 1265 188 1321 potua
206 1273 283 1306 sacros
298 1266 322 1305 et
336 1258 489 1306 caerimoniam
505 1258 550 1304 loci
569 1259 662 1320 corpore
678 1255 729 1306 loto

57 1325 182 1388 polluisse;
200 1331 322 1385 secutaque
338 1337 420 1386 anceps
430 1322 537 1371 valetudo
546 1323 604 1370 iram
615 1321 683 1371 deiirn
693 1321 730 1372 af·

61 1389 169 1438 fimavit

92 1451 195 1501 XXIII.
213 1452 247 1500 At
258 1450 366 1508 Corbulo,
381 1458 433 1514 post
449 1453 523 1500 deleta
532 1451 651 1508 Artaxata,
662 1457 730 1503 uteu-

59 1519 114 1567 dum
125 1518 211 1567 recenti
219 1525 306 1566 terrore
316 1524 378 1564 ratus
386 1519 414 1563 ed
421 1518 550 1579 occupanda
557 1516 729 1581 Tigranocerta,

59 1585 141 1646 quibua
152 1584 241 1638 excisis,
253 1589 340 1631 metum
350 1583 449 1629 hostium
460 1583 593 1639 intenderet,
601 1585 648 1641 vel,
660 1584 729 1646 sipe-
828 1592 831 1599 ’

58 1651 176 1714 paciscar,
187 1649 315 1695 clementiae
325 1647 409 1694 famam
419 1647 593 1709 adipisceretur3
609 1648 664 1695 illuc
677 1663 730 1710 per·

59 1715 101 1777 git,
119 1729 168 1762 non
184 1711 273 1760 infenso
287 1713 395 1766 exercitu,
411 1727 441 1759 ne
458 1727 521 1774 spem
537 1714 611 1761 veniae
625 1712 730 1770 auferret,

59 1794 133 1840 neque
152 1785 229 1825 tamen
243 1776 338 1824 remissi
353 1775 414 1832 curi,
429 1791 521 1838 gnarus,
535 1778 624 1825 facilem
642 1784 732 1826 mutam

59 1851 161 1906 gentem,
176 1850 203 1890 ut
214 1858 308 1905 segnem
319 1842 346 1888 ad
358 1843 463 1905 pericula,
479 1845 510 1891 ita
519 1843 611 1890 infidam
622 1843 653 1891 ad
662 1858 730 1891 occa·

58 1909 143 1957 aiones.
177 1907 279 1962 Barbari,
289 1923 331 1970 pro
342 1908 434 1970 ingenio
445 1909 546 1969 quisque,
558 1908 595 1955 alii
605 1923 684 1970 preces
694 1904 731 1957 of·

58 1973 126 2029 ferre,
138 1973 230 2035 quidam
247 1973 350 2019 deserere
365 1973 436 2029 vicos,
451 1980 474 2020 et
485 1974 510 2019 in
520 1973 571 2021 avis
581 1973 683 2036 digredi:
703 1988 731 2022 ao

58 2037 130 2099 fuere,
139 2039 179 2100 qui
190 2054 215 2085 se
225 2039 345 2100 speluncis,
363 2045 386 2084 et
397 2039 511 2085 carissima
522 2053 605 2093 secum,
617 2039 732 2087 abderent,

60 2101 138 2168 Igitur
157 2105 205 2151 dux
221 2103 341 2150 Romanus
355 2103 450 2150 diversis
466 2104 557 2158 artibus,
575 2101 731 2151 misericordii

59 2169 169 2217 adversus
180 2169 298 2230 supplices,
310 2169 423 2216 celeritate
433 2168 541 2215 adversus
554 2167 671 2231 profugos,
687 2169 731 2214 im·

59 2235 123 2282 mitis
140 2236 169 2281 iis
185 2235 224 2295 qui
235 2234 331 2281 latebras
348 2234 481 2289 insederant,
500 2249 540 2281 ora
554 2241 577 2281 et
587 2235 663 2280 exitus
678 2247 730 2296 spe·

61 2315 137 2356 cuum,
150 2300 270 2346 sarmentis
281 2299 431 2361 virgultisque
440 2299 572 2362 completos,
588 2299 636 2361 igni
648 2299 730 2345 exurit.

60 2365 141 2426 Atque
154 2364 226 2416 iilum,
238 2363 295 2411 fines
304 2380 365 2411 anuos
380 2365 576 2426 praegredientem,
587 2359 731 2411 incursavere

61 2429 147 2483 Mardi
164 2429 288 2477 latrociniis
306 2431 407 2483 exerciti,
427 2437 549 2490 contraque
566 2430 729 2490 irrumpentem

63 2495 179 2542 montibus
196 2493 295 2540 defensi:
321 2510 379 2556 quos
397 2493 504 2555 Corbulo,
524 2494 630 2541 immissis
650 2492 730 2548 Iberis,

61 2561 167 2668 vlaatarit,
190 2560 341 2622 hostilemque
362 2561 479 2610 audaciam
505 2567 602 2608 externo
622 2559 740 2623 sanguine

59 2639 73 2669 u
81 2632 122 2670 tus
131 2630 174 2671 est.

45 2702 48 2707 <
77 2685 185 2748 xxm,
199 2687 258 2755 Ipse
277 2698 458 2767 exercitmque,
479 2705 513 2749 ut
532 2696 613 2757 unus
633 2660 783 2754 exer&
826 2756 829 2761 ,

503 2774 557 2820 n‘b
806 2792 831 2813 ⁴·

815 2818 831 2883 i
