<?xml version="1.0" encoding="UTF-8"?>
<!DOCTYPE html PUBLIC "-//W3C//DTD XHTML 1.0 Transitional//EN"
    "http://www.w3.org/TR/xhtml1/DTD/xhtml1-transitional.dtd">
<html xmlns="http://www.w3.org/1999/xhtml" xml:lang="en" lang="en">
 <head>
  <title>
</title>
<meta http-equiv="Content-Type" content="text/html;charset=utf-8" />
  <meta name='ocr-system' content='tesseract 3.04.00' />
  <meta name='ocr-capabilities' content='ocr_page ocr_carea ocr_par ocr_line ocrx_word'/>
</head>
<body>
  <div class='ocr_page' id='page_1' title='image "./ccorneliitaciti01obergoog_0030.png"; bbox 0 0 1680 3188; ppageno 0'>
   <div class='ocr_carea' id='block_1_1' title="bbox 78 155 769 211">
    <p class='ocr_par' dir='ltr' id='par_1_1' title="bbox 78 155 769 211">
     <span class='ocr_line' id='line_1_1' title="bbox 78 155 769 211; baseline 0.014 -10"><span class='ocrx_word' id='word_1_1' title='bbox 78 160 183 202; x_wconf 61' lang='lat' dir='ltr'><strong>notra</strong></span> <span class='ocrx_word' id='word_1_2' title='bbox 219 156 413 207; x_wconf 77' lang='lat' dir='ltr'>ANNALIUM</span> <span class='ocrx_word' id='word_1_3' title='bbox 429 155 671 208; x_wconf 68' lang='lat' dir='ltr'><strong>mellrcrnaa·</strong></span> <span class='ocrx_word' id='word_1_4' title='bbox 720 165 769 211; x_wconf 33' lang='lat'><strong>19⁴</strong></span> 
     </span>
    </p>
   </div>
   <div class='ocr_carea' id='block_1_2' title="bbox 45 288 780 2773">
    <p class='ocr_par' dir='ltr' id='par_1_2' title="bbox 79 288 751 354">
     <span class='ocr_line' id='line_1_2' title="bbox 79 288 751 354; baseline 0.004 -18"><span class='ocrx_word' id='word_1_5' title='bbox 79 288 247 336; x_wconf 77' lang='lat' dir='ltr'><strong>extrazurbem</strong></span> <span class='ocrx_word' id='word_1_6' title='bbox 255 291 352 344; x_wconf 87' lang='lat' dir='ltr'><strong>haberet,</strong></span> <span class='ocrx_word' id='word_1_7' title='bbox 361 305 390 338; x_wconf 92' lang='lat' dir='ltr'><strong>ac</strong></span> <span class='ocrx_word' id='word_1_8' title='bbox 397 289 506 350; x_wconf 77' lang='lat' dir='ltr'><strong>Princeps</strong></span> <span class='ocrx_word' id='word_1_9' title='bbox 513 288 645 338; x_wconf 73' lang='lat' dir='ltr'><strong>,Iuventutis</strong></span> <span class='ocrx_word' id='word_1_10' title='bbox 653 291 751 354; x_wconf 87' lang='lat' dir='ltr'><strong>appella·</strong></span> 
     </span>
    </p>

    <p class='ocr_par' dir='ltr' id='par_1_3' title="bbox 79 354 766 483">
     <span class='ocr_line' id='line_1_3' title="bbox 79 354 766 417; baseline 0.006 -17"><span class='ocrx_word' id='word_1_11' title='bbox 79 363 151 402; x_wconf 88' lang='lat' dir='ltr'><strong>retur.</strong></span> <span class='ocrx_word' id='word_1_12' title='bbox 185 354 295 401; x_wconf 82' lang='lat' dir='ltr'><strong>Additum</strong></span> <span class='ocrx_word' id='word_1_13' title='bbox 307 355 398 407; x_wconf 91' lang='lat' dir='ltr'><strong>nomine</strong></span> <span class='ocrx_word' id='word_1_14' title='bbox 408 357 457 417; x_wconf 78' lang='lat' dir='ltr'><strong>ejus</strong></span> <span class='ocrx_word' id='word_1_15' title='bbox 468 355 599 402; x_wconf 68' lang='lat' dir='ltr'><strong>donativum</strong></span> <span class='ocrx_word' id='word_1_16' title='bbox 609 357 682 412; x_wconf 82' lang='lat' dir='ltr'><strong>militi,</strong></span> <span class='ocrx_word' id='word_1_17' title='bbox 694 373 749 404; x_wconf 90' lang='lat' dir='ltr'><strong>con·</strong></span> <span class='ocrx_word' id='word_1_18' title='bbox 761 398 766 409; x_wconf 82' lang='lat'><strong>.</strong></span> 
     </span>
     <span class='ocr_line' id='line_1_4' title="bbox 79 417 749 483; baseline 0.001 -16"><span class='ocrx_word' id='word_1_19' title='bbox 79 420 179 481; x_wconf 77' lang='lat' dir='ltr'><strong>giarium</strong></span> <span class='ocrx_word' id='word_1_20' title='bbox 194 420 264 482; x_wconf 90' lang='lat' dir='ltr'><strong>plebi.</strong></span> <span class='ocrx_word' id='word_1_21' title='bbox 297 419 331 466; x_wconf 89' lang='lat' dir='ltr'><strong>Et</strong></span> <span class='ocrx_word' id='word_1_22' title='bbox 345 420 430 466; x_wconf 90' lang='lat' dir='ltr'><strong>ludicro</strong></span> <span class='ocrx_word' id='word_1_23' title='bbox 443 417 591 474; x_wconf 80' lang='lat' dir='ltr'>Circensium,</span> <span class='ocrx_word' id='word_1_24' title='bbox 602 421 663 481; x_wconf 92' lang='lat' dir='ltr'><strong>quod</strong></span> <span class='ocrx_word' id='word_1_25' title='bbox 673 423 749 483; x_wconf 86' lang='lat' dir='ltr'><strong>acqui·</strong></span> 
     </span>
    </p>

    <p class='ocr_par' dir='ltr' id='par_1_4' title="bbox 80 483 747 548">
     <span class='ocr_line' id='line_1_5' title="bbox 80 483 747 548; baseline 0.006 -18"><span class='ocrx_word' id='word_1_26' title='bbox 80 485 158 530; x_wconf 77' lang='lat' dir='ltr'><strong>randis</strong></span> <span class='ocrx_word' id='word_1_27' title='bbox 176 485 241 546; x_wconf 80' lang='lat' dir='ltr'><strong>vulgi</strong></span> <span class='ocrx_word' id='word_1_28' title='bbox 258 484 338 531; x_wconf 86' lang='lat' dir='ltr'><strong>atudiia</strong></span> <span class='ocrx_word' id='word_1_29' title='bbox 356 484 469 539; x_wconf 80' lang='lat' dir='ltr'>edebatur,</span> <span class='ocrx_word' id='word_1_30' title='bbox 487 483 633 532; x_wconf 82' lang='lat' dir='ltr'><strong>Britannicus</strong></span> <span class='ocrx_word' id='word_1_31' title='bbox 649 487 671 532; x_wconf 93' lang='lat' dir='ltr'><strong>in</strong></span> <span class='ocrx_word' id='word_1_32' title='bbox 687 503 747 548; x_wconf 87' lang='lat' dir='ltr'><strong>prae-</strong></span> 
     </span>
    </p>

    <p class='ocr_par' dir='ltr' id='par_1_5' title="bbox 80 547 747 611">
     <span class='ocr_line' id='line_1_6' title="bbox 80 547 747 611; baseline 0.006 -17"><span class='ocrx_word' id='word_1_33' title='bbox 80 547 154 603; x_wconf 73' lang='lat' dir='ltr'><strong>texta,</strong></span> <span class='ocrx_word' id='word_1_34' title='bbox 173 548 238 596; x_wconf 90' lang='lat' dir='ltr'><strong>Nero</strong></span> <span class='ocrx_word' id='word_1_35' title='bbox 249 550 377 611; x_wconf 85' lang='lat' dir='ltr'><strong>triumphali</strong></span> <span class='ocrx_word' id='word_1_36' title='bbox 395 565 447 596; x_wconf 88' lang='lat' dir='ltr'><strong>cunr</strong></span> <span class='ocrx_word' id='word_1_37' title='bbox 463 557 533 603; x_wconf 82' lang='lat' dir='ltr'><strong>verte,</strong></span> <span class='ocrx_word' id='word_1_38' title='bbox 549 553 670 597; x_wconf 81' lang='lat' dir='ltr'><strong>transvecti</strong></span> <span class='ocrx_word' id='word_1_39' title='bbox 687 559 747 599; x_wconf 87' lang='lat' dir='ltr'><strong>aunt.</strong></span> 
     </span>
    </p>

    <p class='ocr_par' dir='ltr' id='par_1_6' title="bbox 82 614 747 676">
     <span class='ocr_line' id='line_1_7' title="bbox 82 614 747 676; baseline 0.005 -16"><span class='ocrx_word' id='word_1_40' title='bbox 82 614 202 676; x_wconf 72' lang='lat' dir='ltr'><strong>spectaret</strong></span> <span class='ocrx_word' id='word_1_41' title='bbox 212 615 326 676; x_wconf 78' lang='lat' dir='ltr'><strong>populun,</strong></span> <span class='ocrx_word' id='word_1_42' title='bbox 341 615 401 661; x_wconf 90' lang='lat' dir='ltr'><strong>hunc</strong></span> <span class='ocrx_word' id='word_1_43' title='bbox 424 614 504 660; x_wconf 89' lang='lat' dir='ltr'><strong>decore</strong></span> <span class='ocrx_word' id='word_1_44' title='bbox 518 615 669 675; x_wconf 87' lang='lat' dir='ltr'><strong>imperatorio,</strong></span> <span class='ocrx_word' id='word_1_45' title='bbox 684 617 747 663; x_wconf 91' lang='lat' dir='ltr'><strong>illum</strong></span> 
     </span>
    </p>

    <p class='ocr_par' dir='ltr' id='par_1_7' title="bbox 79 678 747 742">
     <span class='ocr_line' id='line_1_8' title="bbox 79 678 747 742; baseline 0.003 -17"><span class='ocrx_word' id='word_1_46' title='bbox 79 679 163 741; x_wconf 87' lang='lat' dir='ltr'><strong>puerili</strong></span> <span class='ocrx_word' id='word_1_47' title='bbox 180 679 264 734; x_wconf 80' lang='lat' dir='ltr'><strong>habitu,</strong></span> <span class='ocrx_word' id='word_1_48' title='bbox 280 694 306 725; x_wconf 92' lang='lat' dir='ltr'><strong>ac</strong></span> <span class='ocrx_word' id='word_1_49' title='bbox 316 678 409 739; x_wconf 85' lang='lat' dir='ltr'>perinde</span> <span class='ocrx_word' id='word_1_50' title='bbox 423 679 537 726; x_wconf 83' lang='lat' dir='ltr'><strong>fortunam</strong></span> <span class='ocrx_word' id='word_1_51' title='bbox 555 681 672 741; x_wconf 89' lang='lat' dir='ltr'><strong>utriusque</strong></span> <span class='ocrx_word' id='word_1_52' title='bbox 687 697 747 742; x_wconf 85' lang='lat' dir='ltr'><strong>prae·</strong></span> 
     </span>
    </p>

    <p class='ocr_par' dir='ltr' id='par_1_8' title="bbox 80 743 748 808">
     <span class='ocr_line' id='line_1_9' title="bbox 80 743 748 808; baseline 0.003 -16"><span class='ocrx_word' id='word_1_53' title='bbox 80 751 189 792; x_wconf 73' lang='lat' dir='ltr'><strong>sumeret.</strong></span> <span class='ocrx_word' id='word_1_54' title='bbox 224 743 309 798; x_wconf 70' lang='lat' dir='ltr'><strong>Simul,</strong></span> <span class='ocrx_word' id='word_1_55' title='bbox 329 744 367 804; x_wconf 88' lang='lat' dir='ltr'><strong>qui</strong></span> <span class='ocrx_word' id='word_1_56' title='bbox 386 746 542 791; x_wconf 79' lang='lat' dir='ltr'>centurionum</span> <span class='ocrx_word' id='word_1_57' title='bbox 563 745 748 808; x_wconf 90' lang='lat' dir='ltr'><strong>tribunorumque</strong></span> 
     </span>
    </p>

    <p class='ocr_par' dir='ltr' id='par_1_9' title="bbox 80 807 746 868">
     <span class='ocr_line' id='line_1_10' title="bbox 80 807 746 868; baseline 0.002 -11"><span class='ocrx_word' id='word_1_58' title='bbox 80 815 168 857; x_wconf 72' lang='lat' dir='ltr'><strong>cortem</strong></span> <span class='ocrx_word' id='word_1_59' title='bbox 180 807 306 856; x_wconf 83' lang='lat' dir='ltr'><strong>Britannici</strong></span> <span class='ocrx_word' id='word_1_60' title='bbox 320 809 488 865; x_wconf 80' lang='lat' dir='ltr'><strong>miserabantur,</strong></span> <span class='ocrx_word' id='word_1_61' title='bbox 500 811 581 860; x_wconf 89' lang='lat' dir='ltr'><strong>remoti</strong></span> <span class='ocrx_word' id='word_1_62' title='bbox 594 808 652 857; x_wconf 84' lang='lat' dir='ltr'><strong>fictis</strong></span> <span class='ocrx_word' id='word_1_63' title='bbox 667 811 746 868; x_wconf 79' lang='lat' dir='ltr'><strong>cauria,</strong></span> 
     </span>
    </p>

    <p class='ocr_par' dir='ltr' id='par_1_10' title="bbox 79 874 760 1001">
     <span class='ocr_line' id='line_1_11' title="bbox 79 874 760 938; baseline 0.001 -16"><span class='ocrx_word' id='word_1_64' title='bbox 79 882 105 922; x_wconf 83' lang='lat' dir='ltr'><strong>et</strong></span> <span class='ocrx_word' id='word_1_65' title='bbox 115 874 152 920; x_wconf 86' lang='lat' dir='ltr'><strong>alii</strong></span> <span class='ocrx_word' id='word_1_66' title='bbox 167 889 207 935; x_wconf 91' lang='lat' dir='ltr'><strong>per</strong></span> <span class='ocrx_word' id='word_1_67' title='bbox 218 874 314 936; x_wconf 82' lang='lat' dir='ltr'><strong>speciem</strong></span> <span class='ocrx_word' id='word_1_68' title='bbox 325 875 428 922; x_wconf 86' lang='lat' dir='ltr'><strong>honoria:</strong></span> <span class='ocrx_word' id='word_1_69' title='bbox 448 875 515 922; x_wconf 88' lang='lat' dir='ltr'><strong>etiam</strong></span> <span class='ocrx_word' id='word_1_70' title='bbox 525 875 656 922; x_wconf 86' lang='lat' dir='ltr'><strong>libertorum</strong></span> <span class='ocrx_word' id='word_1_71' title='bbox 668 877 686 923; x_wconf 86' lang='lat' dir='ltr'><strong>ai</strong></span> <span class='ocrx_word' id='word_1_72' title='bbox 696 877 747 938; x_wconf 86' lang='lat' dir='ltr'><strong>quir</strong></span> <span class='ocrx_word' id='word_1_73' title='bbox 758 926 760 930; x_wconf 15' lang='grc' dir='ltr'><em>Α</em></span> 
     </span>
     <span class='ocr_line' id='line_1_12' title="bbox 79 937 747 1001; baseline 0.003 -15"><span class='ocrx_word' id='word_1_74' title='bbox 79 937 214 1001; x_wconf 74' lang='lat' dir='ltr'><strong>incomrptd</strong></span> <span class='ocrx_word' id='word_1_75' title='bbox 222 937 274 995; x_wconf 87' lang='lat' dir='ltr'><strong>fide,</strong></span> <span class='ocrx_word' id='word_1_76' title='bbox 285 939 458 1001; x_wconf 63' lang='lat' dir='ltr'><strong>depellituntali</strong></span> <span class='ocrx_word' id='word_1_77' title='bbox 469 940 593 986; x_wconf 76' lang='lat' dir='ltr'><strong>occasione.</strong></span> <span class='ocrx_word' id='word_1_78' title='bbox 613 939 747 988; x_wconf 84' lang='lat' dir='ltr'><strong>Ohviiinter</strong></span> 
     </span>
    </p>

    <p class='ocr_par' dir='ltr' id='par_1_11' title="bbox 80 1002 745 1061">
     <span class='ocr_line' id='line_1_13' title="bbox 80 1002 745 1061; baseline 0.003 -10"><span class='ocrx_word' id='word_1_79' title='bbox 80 1014 112 1060; x_wconf 80' lang='lat' dir='ltr'><strong>re,</strong></span> <span class='ocrx_word' id='word_1_80' title='bbox 125 1003 191 1051; x_wconf 90' lang='lat' dir='ltr'><strong>Nero</strong></span> <span class='ocrx_word' id='word_1_81' title='bbox 209 1003 366 1052; x_wconf 83' lang='lat' dir='ltr'><strong>Britannicum</strong></span> <span class='ocrx_word' id='word_1_82' title='bbox 378 1005 475 1059; x_wconf 89' lang='lat' dir='ltr'><strong>nomine,</strong></span> <span class='ocrx_word' id='word_1_83' title='bbox 488 1003 526 1050; x_wconf 92' lang='lat' dir='ltr'><strong>ille</strong></span> <span class='ocrx_word' id='word_1_84' title='bbox 537 1002 672 1061; x_wconf 90' lang='lat' dir='ltr'><strong>Domitium,</strong></span> <span class='ocrx_word' id='word_1_85' title='bbox 684 1006 745 1053; x_wconf 87' lang='lat' dir='ltr'><strong>salu·</strong></span> 
     </span>
    </p>

    <p class='ocr_par' dir='ltr' id='par_1_12' title="bbox 78 1067 744 1131">
     <span class='ocr_line' id='line_1_14' title="bbox 78 1067 744 1131; baseline 0.002 -14"><span class='ocrx_word' id='word_1_86' title='bbox 78 1067 166 1117; x_wconf 72' lang='lat' dir='ltr'><strong>tavdre.</strong></span> <span class='ocrx_word' id='word_1_87' title='bbox 183 1069 258 1125; x_wconf 74' lang='lat' dir='ltr'><strong>Quod,</strong></span> <span class='ocrx_word' id='word_1_88' title='bbox 269 1078 296 1118; x_wconf 91' lang='lat' dir='ltr'><strong>ut</strong></span> <span class='ocrx_word' id='word_1_89' title='bbox 306 1070 423 1117; x_wconf 73' lang='lat' dir='ltr'><strong>discordiae</strong></span> <span class='ocrx_word' id='word_1_90' title='bbox 432 1069 528 1124; x_wconf 83' lang='lat' dir='ltr'><strong>initium,</strong></span> <span class='ocrx_word' id='word_1_91' title='bbox 537 1068 664 1131; x_wconf 78' lang='lat' dir='ltr'><strong>Agrippina</strong></span> <span class='ocrx_word' id='word_1_92' title='bbox 673 1072 744 1118; x_wconf 88' lang='lat' dir='ltr'><strong>multo</strong></span> 
     </span>
    </p>

    <p class='ocr_par' dir='ltr' id='par_1_13' title="bbox 76 1134 745 1197">
     <span class='ocr_line' id='line_1_15' title="bbox 76 1134 745 1197; baseline 0.001 -15"><span class='ocrx_word' id='word_1_93' title='bbox 76 1143 162 1197; x_wconf 84' lang='lat' dir='ltr'><strong>questu</strong></span> <span class='ocrx_word' id='word_1_94' title='bbox 174 1136 202 1183; x_wconf 89' lang='lat' dir='ltr'><strong>ad</strong></span> <span class='ocrx_word' id='word_1_95' title='bbox 213 1136 317 1183; x_wconf 89' lang='lat' dir='ltr'><strong>maritum</strong></span> <span class='ocrx_word' id='word_1_96' title='bbox 329 1135 411 1182; x_wconf 83' lang='lat' dir='ltr'><strong>defert:</strong></span> <span class='ocrx_word' id='word_1_97' title='bbox 425 1135 499 1197; x_wconf 75' lang='lat' dir='ltr'><strong>sperni</strong></span> <span class='ocrx_word' id='word_1_98' title='bbox 507 1134 589 1196; x_wconf 90' lang='lat' dir='ltr'><strong>quippe</strong></span> <span class='ocrx_word' id='word_1_99' title='bbox 596 1134 745 1197; x_wconf 88' lang='lat' dir='ltr'><strong>adoptionem,</strong></span> 
     </span>
    </p>

    <p class='ocr_par' dir='ltr' id='par_1_14' title="bbox 78 1199 744 1263">
     <span class='ocr_line' id='line_1_16' title="bbox 78 1199 744 1263; baseline -0.002 -15"><span class='ocrx_word' id='word_1_100' title='bbox 78 1216 177 1263; x_wconf 70' lang='lat' dir='ltr'><strong>quicque</strong></span> <span class='ocrx_word' id='word_1_101' title='bbox 197 1201 325 1248; x_wconf 80' lang='lat' dir='ltr'><strong>censuerint</strong></span> <span class='ocrx_word' id='word_1_102' title='bbox 346 1207 427 1262; x_wconf 82' lang='lat' dir='ltr'><strong>patrea,</strong></span> <span class='ocrx_word' id='word_1_103' title='bbox 445 1200 540 1262; x_wconf 82' lang='lat' dir='ltr'><strong>jusserit</strong></span> <span class='ocrx_word' id='word_1_104' title='bbox 560 1199 662 1261; x_wconf 82' lang='lat' dir='ltr'><strong>populus,</strong></span> <span class='ocrx_word' id='word_1_105' title='bbox 685 1201 744 1247; x_wconf 88' lang='lat' dir='ltr'><strong>intra</strong></span> 
     </span>
    </p>

    <p class='ocr_par' dir='ltr' id='par_1_15' title="bbox 77 1263 744 1329">
     <span class='ocr_line' id='line_1_17' title="bbox 77 1263 744 1329; baseline -0.001 -17"><span class='ocrx_word' id='word_1_106' title='bbox 77 1274 174 1329; x_wconf 75' lang='lat' dir='ltr'><strong>penaten</strong></span> <span class='ocrx_word' id='word_1_107' title='bbox 192 1266 310 1327; x_wconf 83' lang='lat' dir='ltr'><strong>abrogari:</strong></span> <span class='ocrx_word' id='word_1_108' title='bbox 330 1281 362 1321; x_wconf 89' lang='lat' dir='ltr'><strong>ac,</strong></span> <span class='ocrx_word' id='word_1_109' title='bbox 380 1267 423 1311; x_wconf 89' lang='lat' dir='ltr'><strong>nisi</strong></span> <span class='ocrx_word' id='word_1_110' title='bbox 440 1265 538 1327; x_wconf 76' lang='lat' dir='ltr'><strong>pravitas</strong></span> <span class='ocrx_word' id='word_1_111' title='bbox 548 1269 595 1310; x_wconf 90' lang='lat' dir='ltr'><strong>tam</strong></span> <span class='ocrx_word' id='word_1_112' title='bbox 606 1263 693 1310; x_wconf 79' lang='lat' dir='ltr'><strong>infensa</strong></span> <span class='ocrx_word' id='word_1_113' title='bbox 704 1265 744 1311; x_wconf 86' lang='lat' dir='ltr'><strong>do·</strong></span> 
     </span>
    </p>

    <p class='ocr_par' dir='ltr' id='par_1_16' title="bbox 76 1329 747 1393">
     <span class='ocr_line' id='line_1_18' title="bbox 76 1329 747 1393; baseline -0.006 -13"><span class='ocrx_word' id='word_1_114' title='bbox 76 1331 178 1380; x_wconf 83' lang='lat' dir='ltr'><strong>centium</strong></span> <span class='ocrx_word' id='word_1_115' title='bbox 195 1337 305 1386; x_wconf 86' lang='lat' dir='ltr'><strong>arceatur,</strong></span> <span class='ocrx_word' id='word_1_116' title='bbox 324 1337 428 1393; x_wconf 87' lang='lat' dir='ltr'><strong>emptura</strong></span> <span class='ocrx_word' id='word_1_117' title='bbox 446 1331 470 1376; x_wconf 90' lang='lat' dir='ltr'><strong>in</strong></span> <span class='ocrx_word' id='word_1_118' title='bbox 488 1330 598 1392; x_wconf 91' lang='lat' dir='ltr'><strong>publicam</strong></span> <span class='ocrx_word' id='word_1_119' title='bbox 618 1329 747 1391; x_wconf 89' lang='lat' dir='ltr'><strong>perniciem.</strong></span> 
     </span>
    </p>

    <p class='ocr_par' dir='ltr' id='par_1_17' title="bbox 77 1393 743 1457">
     <span class='ocr_line' id='line_1_19' title="bbox 77 1393 743 1457; baseline -0.011 -11"><span class='ocrx_word' id='word_1_120' title='bbox 77 1395 216 1446; x_wconf 67' lang='lat' dir='ltr'><strong>commotus</strong></span> <span class='ocrx_word' id='word_1_121' title='bbox 227 1395 269 1451; x_wconf 83' lang='lat' dir='ltr'><strong>hia,</strong></span> <span class='ocrx_word' id='word_1_122' title='bbox 286 1395 348 1457; x_wconf 79' lang='lat' dir='ltr'><strong>quari</strong></span> <span class='ocrx_word' id='word_1_123' title='bbox 359 1396 494 1451; x_wconf 75' lang='lat' dir='ltr'><strong>criminibus,</strong></span> <span class='ocrx_word' id='word_1_124' title='bbox 507 1394 622 1449; x_wconf 75' lang='lat' dir='ltr'><strong>Claudius,</strong></span> <span class='ocrx_word' id='word_1_125' title='bbox 633 1393 743 1454; x_wconf 87' lang='lat' dir='ltr'><strong>optimum</strong></span> 
     </span>
    </p>

    <p class='ocr_par' dir='ltr' id='par_1_18' title="bbox 73 1458 753 1588">
     <span class='ocr_line' id='line_1_20' title="bbox 76 1458 753 1523; baseline -0.001 -15"><span class='ocrx_word' id='word_1_126' title='bbox 76 1475 191 1523; x_wconf 87' lang='lat' dir='ltr'><strong>quemque</strong></span> <span class='ocrx_word' id='word_1_127' title='bbox 201 1461 344 1508; x_wconf 80' lang='lat' dir='ltr'><strong>educatorem</strong></span> <span class='ocrx_word' id='word_1_128' title='bbox 354 1460 395 1506; x_wconf 87' lang='lat' dir='ltr'><strong>filii</strong></span> <span class='ocrx_word' id='word_1_129' title='bbox 405 1461 484 1508; x_wconf 87' lang='lat' dir='ltr'><strong>exailio</strong></span> <span class='ocrx_word' id='word_1_130' title='bbox 495 1476 521 1507; x_wconf 94' lang='lat' dir='ltr'><strong>ac</strong></span> <span class='ocrx_word' id='word_1_131' title='bbox 532 1466 606 1506; x_wconf 91' lang='lat' dir='ltr'><strong>morte</strong></span> <span class='ocrx_word' id='word_1_132' title='bbox 616 1458 690 1514; x_wconf 86' lang='lat' dir='ltr'><strong>afficit,</strong></span> <span class='ocrx_word' id='word_1_133' title='bbox 703 1459 753 1507; x_wconf 88' lang='lat' dir='ltr'><strong>da-.</strong></span> 
     </span>
     <span class='ocr_line' id='line_1_21' title="bbox 73 1524 575 1588; baseline -0.004 -14"><span class='ocrx_word' id='word_1_134' title='bbox 73 1533 157 1587; x_wconf 87' lang='lat' dir='ltr'><strong>toaque</strong></span> <span class='ocrx_word' id='word_1_135' title='bbox 167 1542 182 1573; x_wconf 88' lang='lat' dir='ltr'><strong>a</strong></span> <span class='ocrx_word' id='word_1_136' title='bbox 189 1524 288 1573; x_wconf 79' lang='lat' dir='ltr'><strong>novercd</strong></span> <span class='ocrx_word' id='word_1_137' title='bbox 297 1526 405 1572; x_wconf 84' lang='lat' dir='ltr'><strong>cuatodiae</strong></span> <span class='ocrx_word' id='word_1_138' title='bbox 414 1527 463 1588; x_wconf 84' lang='lat' dir='ltr'><strong>ejus</strong></span> <span class='ocrx_word' id='word_1_139' title='bbox 472 1526 575 1587; x_wconf 82' lang='lat' dir='ltr'><strong>imponit·</strong></span> 
     </span>
    </p>

    <p class='ocr_par' dir='ltr' id='par_1_19' title="bbox 58 1589 761 2702">
     <span class='ocr_line' id='line_1_22' title="bbox 112 1589 750 1653; baseline -0.008 -15"><span class='ocrx_word' id='word_1_140' title='bbox 112 1590 196 1638; x_wconf 85' lang='lat' dir='ltr'>XLII.</span> <span class='ocrx_word' id='word_1_141' title='bbox 213 1590 323 1638; x_wconf 88' lang='lat' dir='ltr'><strong>Nondum</strong></span> <span class='ocrx_word' id='word_1_142' title='bbox 341 1598 415 1637; x_wconf 92' lang='lat' dir='ltr'><strong>tamen</strong></span> <span class='ocrx_word' id='word_1_143' title='bbox 431 1605 518 1637; x_wconf 85' lang='lat' dir='ltr'><strong>summa</strong></span> <span class='ocrx_word' id='word_1_144' title='bbox 529 1589 602 1636; x_wconf 92' lang='lat' dir='ltr'><strong>moliri</strong></span> <span class='ocrx_word' id='word_1_145' title='bbox 613 1589 750 1653; x_wconf 80' lang='lat' dir='ltr'><strong>Agrippina</strong></span> 
     </span>
     <span class='ocr_line' id='line_1_23' title="bbox 76 1652 741 1716; baseline -0.003 -13"><span class='ocrx_word' id='word_1_146' title='bbox 76 1656 180 1709; x_wconf 82' lang='lat' dir='ltr'><strong>audehat,</strong></span> <span class='ocrx_word' id='word_1_147' title='bbox 192 1656 215 1702; x_wconf 91' lang='lat' dir='ltr'><strong>ni</strong></span> <span class='ocrx_word' id='word_1_148' title='bbox 226 1656 381 1716; x_wconf 86' lang='lat' dir='ltr'><strong>praetoriarum</strong></span> <span class='ocrx_word' id='word_1_149' title='bbox 392 1656 516 1702; x_wconf 73' lang='lat' dir='ltr'><strong>cohortium</strong></span> <span class='ocrx_word' id='word_1_150' title='bbox 527 1652 583 1702; x_wconf 82' lang='lat' dir='ltr'><strong>curd</strong></span> <span class='ocrx_word' id='word_1_151' title='bbox 596 1655 741 1702; x_wconf 81' lang='lat' dir='ltr'><strong>exsolveren-</strong></span> 
     </span>
     <span class='ocr_line' id='line_1_24' title="bbox 75 1718 748 1782; baseline -0.003 -13"><span class='ocrx_word' id='word_1_152' title='bbox 75 1730 117 1769; x_wconf 87' lang='lat' dir='ltr'><strong>tur</strong></span> <span class='ocrx_word' id='word_1_153' title='bbox 128 1720 213 1769; x_wconf 83' lang='lat' dir='ltr'><strong>Luaiua</strong></span> <span class='ocrx_word' id='word_1_154' title='bbox 224 1721 285 1769; x_wconf 89' lang='lat' dir='ltr'><strong>Geta</strong></span> <span class='ocrx_word' id='word_1_155' title='bbox 296 1727 320 1767; x_wconf 92' lang='lat' dir='ltr'><strong>et</strong></span> <span class='ocrx_word' id='word_1_156' title='bbox 330 1719 412 1767; x_wconf 79' lang='lat' dir='ltr'><strong>Rufius</strong></span> <span class='ocrx_word' id='word_1_157' title='bbox 427 1718 561 1782; x_wconf 83' lang='lat' dir='ltr'><strong>Crispinus3</strong></span> <span class='ocrx_word' id='word_1_158' title='bbox 578 1735 634 1782; x_wconf 86' lang='lat' dir='ltr'><strong>quoa</strong></span> <span class='ocrx_word' id='word_1_159' title='bbox 649 1719 748 1767; x_wconf 64' lang='lat' dir='ltr'><strong>Metam,</strong></span> 
     </span>
     <span class='ocr_line' id='line_1_25' title="bbox 75 1785 741 1847; baseline -0.005 -13"><span class='ocrx_word' id='word_1_160' title='bbox 75 1788 134 1834; x_wconf 85' lang='lat' dir='ltr'><strong>linae</strong></span> <span class='ocrx_word' id='word_1_161' title='bbox 151 1799 270 1840; x_wconf 87' lang='lat' dir='ltr'><strong>memores,</strong></span> <span class='ocrx_word' id='word_1_162' title='bbox 297 1792 321 1832; x_wconf 88' lang='lat' dir='ltr'><strong>et</strong></span> <span class='ocrx_word' id='word_1_163' title='bbox 337 1785 412 1832; x_wconf 78' lang='lat' dir='ltr'><strong>liberis</strong></span> <span class='ocrx_word' id='word_1_164' title='bbox 428 1786 477 1847; x_wconf 83' lang='lat' dir='ltr'><strong>ejua</strong></span> <span class='ocrx_word' id='word_1_165' title='bbox 498 1786 615 1833; x_wconf 75' lang='lat' dir='ltr'><strong>devinctos</strong></span> <span class='ocrx_word' id='word_1_166' title='bbox 632 1786 741 1832; x_wconf 85' lang='lat' dir='ltr'><strong>credebat.</strong></span> 
     </span>
     <span class='ocr_line' id='line_1_26' title="bbox 74 1850 741 1914; baseline -0.003 -16"><span class='ocrx_word' id='word_1_167' title='bbox 74 1850 160 1914; x_wconf 84' lang='lat' dir='ltr'><strong>Igitur,</strong></span> <span class='ocrx_word' id='word_1_168' title='bbox 171 1851 263 1898; x_wconf 75' lang='lat' dir='ltr'><strong>distrahi</strong></span> <span class='ocrx_word' id='word_1_169' title='bbox 271 1852 375 1898; x_wconf 78' lang='lat' dir='ltr'><strong>cohortes</strong></span> <span class='ocrx_word' id='word_1_170' title='bbox 383 1852 467 1897; x_wconf 85' lang='lat' dir='ltr'><strong>ambitu</strong></span> <span class='ocrx_word' id='word_1_171' title='bbox 474 1851 575 1906; x_wconf 90' lang='lat' dir='ltr'><strong>duorum,</strong></span> <span class='ocrx_word' id='word_1_172' title='bbox 589 1858 619 1905; x_wconf 81' lang='lat' dir='ltr'><strong>et,</strong></span> <span class='ocrx_word' id='word_1_173' title='bbox 631 1851 649 1898; x_wconf 85' lang='lat' dir='ltr'><strong>si</strong></span> <span class='ocrx_word' id='word_1_174' title='bbox 660 1851 688 1897; x_wconf 94' lang='lat' dir='ltr'><strong>ah</strong></span> <span class='ocrx_word' id='word_1_175' title='bbox 695 1865 741 1896; x_wconf 92' lang='lat' dir='ltr'><strong>uno</strong></span> 
     </span>
     <span class='ocr_line' id='line_1_27' title="bbox 73 1914 741 1978; baseline -0.003 -14"><span class='ocrx_word' id='word_1_176' title='bbox 73 1923 219 1978; x_wconf 83' lang='lat' dir='ltr'><strong>regerentur,</strong></span> <span class='ocrx_word' id='word_1_177' title='bbox 229 1916 371 1962; x_wconf 88' lang='lat' dir='ltr'><strong>intentiorem</strong></span> <span class='ocrx_word' id='word_1_178' title='bbox 381 1914 430 1962; x_wconf 84' lang='lat' dir='ltr'><strong>fore</strong></span> <span class='ocrx_word' id='word_1_179' title='bbox 441 1916 587 1978; x_wconf 80' lang='lat' dir='ltr'><strong>disciplinam,</strong></span> <span class='ocrx_word' id='word_1_180' title='bbox 599 1922 741 1962; x_wconf 78' lang='lat' dir='ltr'><strong>asseverante</strong></span> 
     </span>
     <span class='ocr_line' id='line_1_28' title="bbox 73 1979 739 2042; baseline -0.006 -14"><span class='ocrx_word' id='word_1_181' title='bbox 73 1995 155 2036; x_wconf 86' lang='lat' dir='ltr'><strong>uxore,</strong></span> <span class='ocrx_word' id='word_1_182' title='bbox 174 1981 308 2028; x_wconf 81' lang='lat' dir='ltr'><strong>transfertur</strong></span> <span class='ocrx_word' id='word_1_183' title='bbox 326 1981 428 2042; x_wconf 79' lang='lat' dir='ltr'><strong>regimen</strong></span> <span class='ocrx_word' id='word_1_184' title='bbox 447 1981 572 2027; x_wconf 89' lang='lat' dir='ltr'><strong>cohortium</strong></span> <span class='ocrx_word' id='word_1_185' title='bbox 591 1979 618 2025; x_wconf 91' lang='lat' dir='ltr'><strong>ad</strong></span> <span class='ocrx_word' id='word_1_186' title='bbox 640 1979 739 2025; x_wconf 89' lang='lat' dir='ltr'><strong>Burrum</strong></span> 
     </span>
     <span class='ocr_line' id='line_1_29' title="bbox 73 2045 739 2108; baseline -0.006 -14"><span class='ocrx_word' id='word_1_187' title='bbox 73 2045 206 2101; x_wconf 80' lang='lat' dir='ltr'><strong>Afranium,</strong></span> <span class='ocrx_word' id='word_1_188' title='bbox 217 2047 317 2108; x_wconf 76' lang='lat' dir='ltr'><strong>egregiae</strong></span> <span class='ocrx_word' id='word_1_189' title='bbox 333 2045 435 2092; x_wconf 88' lang='lat' dir='ltr'><strong>militaria</strong></span> <span class='ocrx_word' id='word_1_190' title='bbox 450 2045 524 2100; x_wconf 82' lang='lat' dir='ltr'><strong>famae,</strong></span> <span class='ocrx_word' id='word_1_191' title='bbox 541 2059 636 2106; x_wconf 87' lang='lat' dir='ltr'><strong>gnarum</strong></span> <span class='ocrx_word' id='word_1_192' title='bbox 656 2052 739 2098; x_wconf 87' lang='lat' dir='ltr'><strong>tamen,</strong></span> 
     </span>
     <span class='ocr_line' id='line_1_30' title="bbox 71 2108 739 2174; baseline -0.009 -14"><span class='ocrx_word' id='word_1_193' title='bbox 71 2113 141 2174; x_wconf 82' lang='lat' dir='ltr'><strong>cujus</strong></span> <span class='ocrx_word' id='word_1_194' title='bbox 152 2118 231 2173; x_wconf 85' lang='lat' dir='ltr'><strong>rpoute</strong></span> <span class='ocrx_word' id='word_1_195' title='bbox 240 2109 398 2172; x_wconf 82' lang='lat' dir='ltr'><strong>praeficeretur.</strong></span> <span class='ocrx_word' id='word_1_196' title='bbox 432 2111 502 2158; x_wconf 88' lang='lat' dir='ltr'><strong>Suum</strong></span> <span class='ocrx_word' id='word_1_197' title='bbox 522 2124 611 2171; x_wconf 90' lang='lat' dir='ltr'><strong>quoque</strong></span> <span class='ocrx_word' id='word_1_198' title='bbox 623 2108 739 2170; x_wconf 84' lang='lat' dir='ltr'><strong>fastigium</strong></span> 
     </span>
     <span class='ocr_line' id='line_1_31' title="bbox 71 2173 746 2240; baseline -0.003 -17"><span class='ocrx_word' id='word_1_199' title='bbox 71 2177 204 2240; x_wconf 79' lang='lat' dir='ltr'><strong>Agrippina</strong></span> <span class='ocrx_word' id='word_1_200' title='bbox 213 2175 323 2222; x_wconf 86' lang='lat' dir='ltr'><strong>extollere</strong></span> <span class='ocrx_word' id='word_1_201' title='bbox 337 2177 418 2223; x_wconf 76' lang='lat' dir='ltr'><strong>altiuat</strong></span> <span class='ocrx_word' id='word_1_202' title='bbox 438 2182 544 2238; x_wconf 90' lang='lat' dir='ltr'><strong>carpento</strong></span> <span class='ocrx_word' id='word_1_203' title='bbox 557 2173 693 2236; x_wconf 85' lang='lat' dir='ltr'><strong>Capitolium</strong></span> <span class='ocrx_word' id='word_1_204' title='bbox 703 2173 746 2221; x_wconf 91' lang='lat' dir='ltr'><strong>iu·.</strong></span> 
     </span>
     <span class='ocr_line' id='line_1_32' title="bbox 71 2239 745 2307; baseline -0.001 -20"><span class='ocrx_word' id='word_1_205' title='bbox 71 2243 147 2307; x_wconf 77' lang='lat' dir='ltr'><strong>gredi,</strong></span> <span class='ocrx_word' id='word_1_206' title='bbox 159 2241 196 2302; x_wconf 91' lang='lat' dir='ltr'><strong>qui</strong></span> <span class='ocrx_word' id='word_1_207' title='bbox 208 2256 265 2294; x_wconf 88' lang='lat' dir='ltr'><strong>moa,</strong></span> <span class='ocrx_word' id='word_1_208' title='bbox 276 2242 426 2288; x_wconf 85' lang='lat' dir='ltr'><strong>aacerdotihus</strong></span> <span class='ocrx_word' id='word_1_209' title='bbox 437 2250 460 2288; x_wconf 91' lang='lat' dir='ltr'><strong>et</strong></span> <span class='ocrx_word' id='word_1_210' title='bbox 470 2242 539 2288; x_wconf 85' lang='lat' dir='ltr'><strong>aacria</strong></span> <span class='ocrx_word' id='word_1_211' title='bbox 550 2239 672 2300; x_wconf 84' lang='lat' dir='ltr'><strong>antiquitus</strong></span> <span class='ocrx_word' id='word_1_212' title='bbox 683 2253 745 2299; x_wconf 70' lang='lat' dir='ltr'><strong>con-¹</strong></span> 
     </span>
     <span class='ocr_line' id='line_1_33' title="bbox 69 2303 739 2369; baseline -0.009 -13"><span class='ocrx_word' id='word_1_213' title='bbox 69 2321 158 2360; x_wconf 67' lang='lat' dir='ltr'><strong>wama,</strong></span> <span class='ocrx_word' id='word_1_214' title='bbox 169 2307 337 2354; x_wconf 85' lang='lat' dir='ltr'><strong>venerationem</strong></span> <span class='ocrx_word' id='word_1_215' title='bbox 348 2308 443 2369; x_wconf 81' lang='lat' dir='ltr'><strong>augebat</strong></span> <span class='ocrx_word' id='word_1_216' title='bbox 461 2306 567 2362; x_wconf 88' lang='lat' dir='ltr'><strong>feminae;</strong></span> <span class='ocrx_word' id='word_1_217' title='bbox 584 2319 650 2366; x_wconf 87' lang='lat' dir='ltr'><strong>quam</strong></span> <span class='ocrx_word' id='word_1_218' title='bbox 667 2303 739 2364; x_wconf 92' lang='lat' dir='ltr'><strong>impe·</strong></span> 
     </span>
     <span class='ocr_line' id='line_1_34' title="bbox 70 2368 740 2433; baseline -0.012 -12"><span class='ocrx_word' id='word_1_219' title='bbox 70 2379 148 2421; x_wconf 78' lang='lat' dir='ltr'><strong>ratore</strong></span> <span class='ocrx_word' id='word_1_220' title='bbox 158 2371 266 2433; x_wconf 81' lang='lat' dir='ltr'><strong>genitam,</strong></span> <span class='ocrx_word' id='word_1_221' title='bbox 277 2387 376 2419; x_wconf 86' lang='lat' dir='ltr'><strong>acrorem</strong></span> <span class='ocrx_word' id='word_1_222' title='bbox 394 2374 447 2433; x_wconf 87' lang='lat' dir='ltr'><strong>ejus,</strong></span> <span class='ocrx_word' id='word_1_223' title='bbox 465 2372 502 2431; x_wconf 87' lang='lat' dir='ltr'><strong>qui</strong></span> <span class='ocrx_word' id='word_1_224' title='bbox 518 2384 591 2416; x_wconf 89' lang='lat' dir='ltr'><strong>rerum</strong></span> <span class='ocrx_word' id='word_1_225' title='bbox 607 2368 691 2429; x_wconf 86' lang='lat' dir='ltr'><strong>potitur</strong></span> <span class='ocrx_word' id='word_1_226' title='bbox 703 2369 740 2423; x_wconf 83' lang='lat' dir='ltr'><strong>ait,</strong></span> 
     </span>
     <span class='ocr_line' id='line_1_35' title="bbox 70 2432 737 2500; baseline -0.013 -14"><span class='ocrx_word' id='word_1_227' title='bbox 70 2445 98 2486; x_wconf 83' lang='lat' dir='ltr'><strong>et</strong></span> <span class='ocrx_word' id='word_1_228' title='bbox 108 2437 229 2500; x_wconf 81' lang='lat' dir='ltr'><strong>conjugem</strong></span> <span class='ocrx_word' id='word_1_229' title='bbox 240 2443 264 2483; x_wconf 88' lang='lat' dir='ltr'><strong>et</strong></span> <span class='ocrx_word' id='word_1_230' title='bbox 274 2444 369 2483; x_wconf 89' lang='lat' dir='ltr'><strong>matrem</strong></span> <span class='ocrx_word' id='word_1_231' title='bbox 379 2437 455 2491; x_wconf 75' lang='lat' dir='ltr'><strong>suinae,</strong></span> <span class='ocrx_word' id='word_1_232' title='bbox 467 2436 557 2482; x_wconf 84' lang='lat' dir='ltr'><strong>unicum</strong></span> <span class='ocrx_word' id='word_1_233' title='bbox 568 2434 597 2480; x_wconf 88' lang='lat' dir='ltr'><strong>ad</strong></span> <span class='ocrx_word' id='word_1_234' title='bbox 608 2435 667 2478; x_wconf 92' lang='lat' dir='ltr'><strong>hunc</strong></span> <span class='ocrx_word' id='word_1_235' title='bbox 679 2432 737 2479; x_wconf 86' lang='lat' dir='ltr'><strong>diem</strong></span> 
     </span>
     <span class='ocr_line' id='line_1_36' title="bbox 69 2500 739 2564; baseline -0.01 -14"><span class='ocrx_word' id='word_1_236' title='bbox 69 2500 200 2564; x_wconf 75' lang='lat' dir='ltr'><strong>exetnplum</strong></span> <span class='ocrx_word' id='word_1_237' title='bbox 218 2509 260 2548; x_wconf 75' lang='lat' dir='ltr'><strong>est.</strong></span> <span class='ocrx_word' id='word_1_238' title='bbox 293 2500 357 2548; x_wconf 90' lang='lat' dir='ltr'><strong>Inter</strong></span> <span class='ocrx_word' id='word_1_239' title='bbox 375 2516 426 2562; x_wconf 84' lang='lat' dir='ltr'><strong>quae</strong></span> <span class='ocrx_word' id='word_1_240' title='bbox 444 2501 571 2563; x_wconf 81' lang='lat' dir='ltr'><strong>praecipuus</strong></span> <span class='ocrx_word' id='word_1_241' title='bbox 585 2503 739 2560; x_wconf 85' lang='lat' dir='ltr'><strong>propugnator</strong></span> 
     </span>
     <span class='ocr_line' id='line_1_37' title="bbox 68 2561 748 2633; baseline -0.007 -19"><span class='ocrx_word' id='word_1_242' title='bbox 68 2569 133 2628; x_wconf 72' lang='lat' dir='ltr'><strong>ejus,-</strong></span> <span class='ocrx_word' id='word_1_243' title='bbox 148 2565 258 2620; x_wconf 77' lang='lat' dir='ltr'><strong>Vitellius,</strong></span> <span class='ocrx_word' id='word_1_244' title='bbox 282 2565 420 2615; x_wconf 77' lang='lat' dir='ltr'><strong>validissimi</strong></span> <span class='ocrx_word' id='word_1_245' title='bbox 438 2563 520 2633; x_wconf 72' lang='lat' dir='ltr'><strong>gratia,</strong></span> <span class='ocrx_word' id='word_1_246' title='bbox 542 2570 612 2614; x_wconf 73' lang='lat' dir='ltr'><strong>atate</strong></span> <span class='ocrx_word' id='word_1_247' title='bbox 633 2561 748 2619; x_wconf 64' lang='lat' dir='ltr'><strong>extrema,</strong></span> 
     </span>
     <span class='ocr_line' id='line_1_38' title="bbox 58 2630 761 2702; baseline 0.007 -30"><span class='ocrx_word' id='word_1_248' title='bbox 58 2630 235 2701; x_wconf 58' lang='lat' dir='ltr'><strong>(meoincertae</strong></span> <span class='ocrx_word' id='word_1_249' title='bbox 245 2639 302 2679; x_wconf 78' lang='lat' dir='ltr'><strong>runt</strong></span> <span class='ocrx_word' id='word_1_250' title='bbox 317 2636 454 2698; x_wconf 86' lang='lat' dir='ltr'><strong>potentium</strong></span> <span class='ocrx_word' id='word_1_251' title='bbox 473 2633 523 2702; x_wconf 75' lang='lat' dir='ltr'><strong>rea)</strong></span> <span class='ocrx_word' id='word_1_252' title='bbox 543 2633 761 2687; x_wconf 79' lang='lat' dir='ltr'><strong>accuaat&#39;ronacor-</strong></span> 
     </span>
    </p>

    <p class='ocr_par' dir='ltr' id='par_1_20' title="bbox 45 2691 780 2773">
     <span class='ocr_line' id='line_1_39' title="bbox 45 2691 780 2773; baseline 0.001 -24"><span class='ocrx_word' id='word_1_253' title='bbox 45 2695 136 2749; x_wconf 55' lang='grc' dir='ltr'><strong>’ΨΜ</strong></span> <span class='ocrx_word' id='word_1_254' title='bbox 147 2691 268 2749; x_wconf 64' lang='lat' dir='ltr'><strong>daerente</strong></span> <span class='ocrx_word' id='word_1_255' title='bbox 277 2698 358 2754; x_wconf 82' lang='lat' dir='ltr'><strong>Junio</strong></span> <span class='ocrx_word' id='word_1_256' title='bbox 371 2702 457 2773; x_wconf 90' lang='lat' dir='ltr'><strong>Lupo,</strong></span> <span class='ocrx_word' id='word_1_257' title='bbox 471 2714 595 2766; x_wconf 63' lang='lat' dir='ltr'><strong>montore.</strong></span> <span class='ocrx_word' id='word_1_258' title='bbox 626 2701 658 2752; x_wconf 81' lang='lat' dir='ltr'><strong>la</strong></span> <span class='ocrx_word' id='word_1_259' title='bbox 669 2696 780 2750; x_wconf 62' lang='lat' dir='ltr'><strong>eumuna</strong></span> 
     </span>
    </p>
   </div>
   <div class='ocr_carea' id='block_1_3' title="bbox 0 0 844 3188">
    <p class='ocr_par' dir='ltr' id='par_1_21' title="bbox 0 0 844 3188">
     <span class='ocr_line' id='line_1_40' title="bbox 0 0 844 3188; baseline 0 3"><span class='ocrx_word' id='word_1_260' title='bbox 0 0 844 3188; x_wconf 95' lang='lat' dir='ltr'><strong> </strong></span> 
     </span>
    </p>
   </div>
  </div>
 </body>
</html>
