1680 3188
93 142 140 191 trs
278 139 566 188 SUPPLEMENTUM
637 143 750 186 U.c.utt.

89 270 199 333 imagines
211 268 310 315 Neronis
322 269 448 315 devellunt:
470 267 571 331 Verginii
583 268 688 323 Caessris,
700 269 749 317 Aa·

90 336 157 398 gusti,
179 334 270 381 nomina
291 334 448 394 ingeminant3
474 348 545 393 esque
565 348 624 380 unus
645 334 749 392 militum,

90 399 142 446 loco
152 399 281 460 imaginum,
293 399 359 458 signo
369 397 474 442 inscribit.
507 395 635 458 Verginius,
647 395 750 446 Vindicis

90 470 162 510 morte
181 463 257 516 tristis,
274 469 297 508 et
310 476 355 520 quo
371 475 406 505 res
425 460 548 506 reciderent
561 461 646 514 dubius,
663 462 750 510 extritis

89 527 167 581 literis,
186 528 235 572 inec
253 525 365 572 seditionis
383 525 520 570 monimenta
535 539 635 586 preceps
653 525 749 583 abolere,

90 589 168 637 firmus
179 590 302 643 sententiae,
313 588 402 635 senatus
413 603 463 634 esse
472 589 588 649 imperium
599 589 661 636 dere.
692 587 748 637 Per-

89 656 145 701 culsi
156 655 237 700 milites
255 659 350 714 stupent,
361 651 503 712 Neronisque
518 652 584 699 iidem
598 660 700 716 repetere
709 668 748 701 co·

90 720 170 780 gitant
203 717 267 764 idem
284 716 355 763 ferme
372 732 450 763 sensus
466 718 523 763 locis
540 717 651 773 omnibus,
669 717 748 779 quibis

89 781 158 828 didita
169 783 286 829 Gallorum
297 780 365 826 cladis
376 788 399 826 et
409 780 513 843 Verginii
524 783 656 828 constantie
666 782 733 830 sams.

123 847 169 908 [At
179 847 216 892 ubi
226 846 317 892 nuntius
332 842 464 906 Hispaniam
476 847 585 907 pervenit,
596 846 700 899 Gsnsm,
710 862 750 894 rc·

89 911 150 956 centi
166 910 232 956 unius
249 909 290 955 slae
308 909 423 965 seditione,
434 917 457 955 et
470 910 585 957 servilibus
602 911 695 965 insidiis,
710 911 745 958 iu·

89 975 193 1034 quietem,
204 981 275 1020 terror
285 974 409 1034 occupavit.
440 973 542 1020 Mortem
552 975 655 1035 primum,
666 974 745 1022 delude

88 1053 200 1084 secessum
219 1038 351 1093 meditatum
370 1038 501 1098 scriptisque
518 1038 546 1084 ud
564 1036 700 1100 Verginium
718 1039 746 1086 li·

87 1103 147 1157 teris
159 1102 239 1162 quibus
249 1116 299 1148 eum
311 1101 339 1148 ad
354 1101 439 1162 imperii
449 1103 577 1148 societatem
590 1102 678 1156 inritet,
690 1101 745 1152 Olu-

87 1167 147 1213 niam
168 1181 192 1213 se
210 1180 261 1212 cum
280 1165 356 1212 amicis
376 1165 460 1225 recipit,
478 1167 561 1212 veteris
579 1166 619 1211 otii
637 1166 746 1215 desiderio

87 1230 213 1292 languidus,
225 1243 267 1276 nec
283 1243 334 1289 quae
349 1229 455 1289 temporis
468 1227 541 1275 forent
551 1243 638 1284 cursus,
653 1237 694 1279 cut
708 1232 743 1279 ia·

87 1294 199 1356 telligens.
223 1293 268 1340 Sed
279 1293 326 1354 ejus
336 1291 609 1355 inertiamJuvitiortuns:
628 1295 743 1343 bominum

88 1357 187 1403 ludibriis
202 1357 261 1410 laeta,
278 1355 344 1402 simul
361 1353 477 1402 Caesarum
492 1356 583 1402 domum
599 1359 707 1414 vertebat,
722 1365 746 1407 α

86 1434 153 1480 quem
165 1420 286 1466 destinabat
295 1419 394 1480 imperio,
406 1419 524 1466 terroribus
535 1420 669 1482 exsgittbat.
694 1422 742 1471 Nc·

86 1499 164 1530 ronem
181 1499 235 1532 vero
252 1490 277 1530 ut
291 1484 401 1545 perditum
417 1484 465 1539 iret,
480 1485 535 1530 luxu
551 1491 574 1531 et
590 1485 682 1542 deliciis,
692 1500 744 1549 qun

87 1547 154 1594 unica
164 1555 291 1610 supererant
302 1547 457 1594 dominationis
467 1548 606 1604 adminicula,
617 1564 658 1597 usa
667 1558 711 1599 est.

119 1608 129 1623 ρ

119 1610 200 1674 [Forte
216 1626 273 1658 unus
284 1627 297 1658 e
307 1612 366 1671 turpi
378 1612 500 1672 spadonum
516 1628 592 1674 grege,
603 1613 664 1661 inter
678 1616 740 1678 prin·

85 1675 140 1736 cipis
150 1676 251 1722 libidines
266 1676 364 1728 intimus,
376 1691 400 1721 se
410 1676 511 1737 injurium
526 1677 618 1740 indigue
630 1680 743 1742 accepisse

84 1739 183 1785 credidit.
215 1738 260 1785 Per
269 1739 376 1800 pudenda,
388 1740 420 1784 uti
432 1740 488 1786 solet
498 1740 521 1786 id
531 1741 646 1788 bominum
660 1758 740 1805 genus,
776 1753 780 1759 '

85 1802 193 1850 ultionem
209 1809 277 1864 psrut.
309 1803 511 1864 secretioribusque
526 1805 630 1862 consiliis,
641 1804 693 1868 quis
702 1808 743 1856 dc·

85 1867 190 1914 sonatum
201 1866 289 1913 Neroni
304 1874 404 1912 senatum
415 1868 544 1914 uuiversum
558 1883 644 1926 necare,
657 1869 743 1920 Urbem

85 1931 164 1977 iterum
181 1932 305 1987 incendere,
320 1930 379 1977 seres
394 1932 418 1977 in
434 1932 540 1994 populum
558 1934 686 1990 immittere,
704 1949 744 1984 su·

83 1993 162 2057 sugere
173 1994 339 2048 Alexandriam,
350 2009 403 2042 vere
412 1994 497 2043 falsove
504 1996 604 2058 proditis,
614 1997 743 2048 inevitsbiic

84 2059 176 2105 exitium
198 2059 279 2106 attulit
312 2058 382 2105 Nulla
405 2067 457 2106 ante
477 2061 582 2123 principis
602 2064 742 2122 reveremim

84 2122 158 2169 nullus
176 2137 245 2178 amor,
261 2124 285 2169 ni
302 2122 361 2170 sorte
378 2125 436 2185 apud
454 2123 539 2186 plebem
557 2125 616 2172 ludis
633 2127 742 2184 insanam,

82 2187 122 2233 sed
149 2187 259 2241 mobilem,
282 2196 305 2233 et
328 2188 479 2248 potentiorum
503 2187 632 2236 lniortuniis
655 2204 743 2253 semper

82 2251 171 2297 laetam:
197 2257 300 2312 corrupta
316 2259 355 2298 sut
370 2252 500 2299 inconstans
515 2253 654 2300 exercituum
670 2253 738 2304 fides:

82 2329 112 2361 ne
136 2322 196 2362 certa
222 2316 310 2376 quidem
333 2317 486 2377 praetoriamm
509 2317 634 2363 cohortium
662 2318 742 2366 studia.

82 2376 136 2440 Ipss
153 2379 272 2426 Petronius
285 2378 436 2442 Turpilianus,
452 2381 480 2427 ad
496 2381 664 2443 opprimendum
684 2381 741 2430 Gal

81 2442 132 2488 barn
143 2444 232 2501 missus,
247 2443 364 2491 deiecerat.
396 2444 479 2490 Nudus
494 2460 549 2507 ergo
560 2452 583 2491 et
599 2445 692 2492 inermis
701 2460 740 2508 pa·

78 2507 140 2554 tebet
157 2507 230 2565 Nero,
242 2523 295 2557 cum
306 2516 404 2564 senstus,
417 2510 545 2571 opprobriis,
552 2507 665 2569 patientii,
680 2509 739 2570 peri·

68 2571 123 2619 culo
140 2581 217 2632 atrox,
239 2585 346 2640 paratam
363 2574 406 2621 sibi
426 2574 518 2619 ruinam
528 2573 558 2616 'm
573 2571 623 2628 dtus
635 2578 752 2614 amm

59 2647 213 2703 convertere,
227 2640 331 2708 totisque
340 2640 426 2704 legum
435 2638 463 2685 ui
471 2635 557 2686 sasire
562 2630 703 2694 properum&
