1664 2910
70 164 175 210 J.c.6³·
230 161 425 212 ANNALIUM
437 162 569 213 Lraxlv.
583 163 689 214 Csm50.
723 170 756 217 89

78 298 202 345 demnatus
222 302 341 350 asenam,
366 296 527 344 intercessione
549 295 669 344 tribunicii
687 298 757 345 morti

81 363 229 411 eximeretur.
263 360 302 417 Et,
320 377 371 408 cum
384 361 497 415 Ostorius,
508 362 564 409 nihil
574 363 694 418 audivisse,
713 379 756 426 pro

82 427 216 476 testimonio
227 426 327 480 dixisset,
339 427 439 474 adversis
450 428 544 476 testibus
555 429 680 476 creditum:
700 443 755 476 cen·

82 493 176 554 suisque
197 489 282 540 ,lunius
303 491 425 546 Marullus,
445 492 525 539 consul
547 493 684 555 designatus,
707 494 755 541 adi·

81 558 191 606 mendam
210 573 250 604 reo
266 564 395 619 praeturam,
415 558 586 619 necandumque
600 574 664 606 more
682 560 755 622 majo·

81 638 144 673 nun.
177 620 276 672 cereris
292 623 345 669 inde
355 623 536 677 assentientibus,
555 621 634 670 Paetus
644 622 754 680 Thrasea,

83 688 160 736 multo
173 702 226 735 cum
240 688 327 734 honore
350 686 455 742 Caesaris,
474 695 498 734 et
516 689 625 735 acerrime
641 689 753 750 increpito

83 753 196 808 Antistio,
214 767 268 806 non,
284 753 392 814 quidquid
408 768 492 800 nocens
503 769 555 800 reus
565 754 611 815 pati
622 761 754 810 mereretur,

82 818 117 873 id,
138 818 233 880 egregio
252 817 293 863 sub
312 819 419 879 principe,
438 826 462 864 et
480 817 543 865 nulld
560 819 695 866 necessitate
711 819 753 867 ol>-

83 883 164 930 stricto
176 888 263 936 senatu,
282 883 433 936 statuendum,
452 882 570 930 disseruit:
590 882 717 931 carnificem
730 890 754 932 et

82 949 190 1009 laqueum
201 947 289 1009 pridem
303 947 399 994 ebolita:
418 952 442 993 et
449 963 500 994 esse
507 962 588 1010 poenas
597 949 686 1011 legibus
697 964 753 997 con·

81 1013 182 1068 stitutas,
200 1012 288 1073 quilius,
307 1011 356 1058 sine
369 1012 472 1075 judicum
489 1011 577 1060 saevitid
591 1022 615 1060 et
625 1022 754 1076 temporum

81 1075 185 1134 infamiis,
202 1077 311 1140 supplicia
329 1078 511 1125 decernerentur.
545 1077 609 1132 Quin
629 1079 652 1125 in
671 1077 754 1138 insuld,

80 1143 203 1208 publicatis
213 1142 285 1199 bonis,
296 1157 343 1204 quo
354 1142 446 1205 longius
458 1149 547 1190 sontem
557 1143 628 1190 ultam
639 1144 753 1202 traxisset,

82 1225 113 1257 eo
122 1208 228 1273 privatim
239 1207 386 1263 miseriorem,
398 1214 421 1255 et
431 1208 527 1271 publicae
538 1207 664 1255 clementiae
679 1211 752 1258 maxi·

82 1290 148 1323 mum
159 1273 288 1336 exemplum
297 1273 407 1320 futurum.

120 1337 217 1387 XLIX.
234 1337 339 1386 Libertas
354 1337 462 1386 Thraseae
481 1339 597 1386 servitium
609 1337 703 1386 oliorum
715 1352 753 1386 ru·

82 1406 132 1469 pltr
152 1412 182 1461 st,
202 1411 320 1468 postquam
340 1405 500 1452 discessionem
519 1404 599 1451 consul
614 1403 753 1466 permiserat,

81 1470 178 1535 pedibus
195 1470 220 1517 in
231 1471 365 1519 sententiam
377 1471 425 1532 ejus
436 1468 488 1526 lire,
506 1470 584 1533 paucis
599 1469 709 1528 exemtis3
726 1470 751 1518 in

79 1537 164 1598 quibus
174 1535 303 1584 adulatione
314 1537 481 1597 promtissimus
490 1535 534 1582 suit
545 1535 575 1583 A.
585 1534 698 1605 Vitellius,
711 1551 752 1599 op-

81 1602 165 1650 timum
177 1615 289 1662 quemque
298 1601 377 1664 jurgio
388 1602 509 1656 lacessens,
524 1608 548 1648 et
559 1601 703 1662 respondenti
714 1617 751 1649 re-

82 1667 165 1723 ticens,
176 1673 201 1713 ut
209 1666 290 1727 pavida
300 1667 393 1728 ingenia
403 1667 484 1714 solent.
518 1668 551 1713 At
561 1666 672 1721 consules,
684 1665 751 1729 peril·

82 1746 137 1780 cere
147 1731 240 1778 senatis
251 1731 366 1778 decretum
382 1747 428 1779 non
439 1732 494 1786 ausi,
514 1733 542 1778 de
558 1746 671 1780 consensu
681 1733 752 1795 scrip-

81 1794 135 1845 stite
147 1793 241 1844 Caesari.
275 1794 325 1852 Ille,
336 1798 396 1844 inter
407 1798 516 1859 pudorem
526 1804 551 1844 et
560 1797 616 1844 iram
626 1804 751 1854 cunctatus,

83 1870 200 1924 postremo
212 1862 335 1923 rescripsit,
346 1861 409 1909 nulli
419 1861 500 1925 injurii
509 1870 655 1924 provocatum
669 1863 751 1910 Antis·

80 1928 147 1982 tium,
162 1927 308 1990 gravissimas
322 1929 346 1974 in
357 1927 481 1989 principem
492 1927 641 1974 contumelias
652 1927 749 1974 dixisse:

82 2006 162 2039 earum
174 1992 283 2039 ultionem
295 1994 418 2054 apatrious
428 1992 571 2053 postulatam,
587 1998 616 2044 et,
634 2006 675 2053 pro
686 2006 751 2053 mag·

80 2057 186 2105 nitudine
196 2057 272 2104 delicti
287 2071 378 2119 poenam
396 2057 471 2111 statui,
490 2055 623 2118 parluisses
643 2062 752 2102 caetemm

81 2138 117 2180 se,
135 2123 174 2184 qui
185 2123 329 2169 severitatem
341 2122 509 2168 decernentium
520 2120 667 2182 impediturus
677 2118 752 2174 luerit,

82 2188 262 2235 moderationem
275 2203 320 2234 non
331 2187 462 2249 prohiberer
483 2193 606 2232 statuerent
616 2192 643 2232 ut
652 2183 749 2231 vellent:

80 2254 158 2301 datam
173 2252 241 2300 etiam
258 2252 388 2299 absolvendi
407 2252 527 2298 licentiam.
562 2249 608 2297 His
623 2257 690 2311 atque
701 2249 752 2296 tali·

82 2320 125 2367 bus
137 2317 243 2373 recitatis,
259 2325 283 2364 et
299 2317 424 2365 offensione
443 2315 570 2370 manifesti,
589 2331 634 2362 non
645 2315 696 2361 ideo
712 2321 753 2363 aut

79 2385 188 2432 consules
199 2380 317 2430 mutavere
327 2383 466 2437 relationem,
486 2389 525 2428 aut
539 2379 642 2428 Thrasea
655 2379 753 2427 decessit

82 2447 202 2503 sententiis,
225 2449 338 2502 caeterive,
365 2464 416 2508 quae
439 2448 593 2509 probaverant,
613 2442 748 2493 deseruere:

80 2530 140 2578 pars,
163 2529 194 2561 ne
214 2514 339 2576 principem
362 2513 471 2576 objecisse
492 2511 583 2558 invidiae
604 2511 751 2568 viderentur;

79 2581 157 2642 plures
167 2594 263 2627 numero
275 2579 331 2638 tuti;
349 2577 455 2628 Thrasea
469 2575 538 2626 suetis
548 2575 694 2626 irruittudme
706 2576 761 2622 esit-

70 2646 108 2699 mr',
121 2653 147 2692 et
156 2659 188 2692 ne
197 2646 274 2711 gloria
286 2648 450 2699 intercideret.
736 2658 801 2735 J

95 2708 128 2759 L.
141 2709 218 2764 Haud
229 2714 318 2784 dispari
341 2719 451 2772 crimine
459 2714 595 2771 Fabricius
605 2709 722 2767 *lm*

536 2790 580 2835 au
