<?xml version="1.0" encoding="UTF-8"?>
<!DOCTYPE html PUBLIC "-//W3C//DTD XHTML 1.0 Transitional//EN"
    "http://www.w3.org/TR/xhtml1/DTD/xhtml1-transitional.dtd">
<html xmlns="http://www.w3.org/1999/xhtml" xml:lang="en" lang="en">
 <head>
  <title>
</title>
<meta http-equiv="Content-Type" content="text/html;charset=utf-8" />
  <meta name='ocr-system' content='tesseract 3.04.00' />
  <meta name='ocr-capabilities' content='ocr_page ocr_carea ocr_par ocr_line ocrx_word'/>
</head>
<body>
  <div class='ocr_page' id='page_1' title='image "./ccorneliitaciti01obergoog_0049.png"; bbox 0 0 1680 3188; ppageno 0'>
   <div class='ocr_carea' id='block_1_1' title="bbox 116 436 783 497">
    <p class='ocr_par' dir='ltr' id='par_1_1' title="bbox 116 436 783 497">
     <span class='ocr_line' id='line_1_1' title="bbox 116 436 783 497; baseline -0.018 -2"><span class='ocrx_word' id='word_1_1' title='bbox 116 446 149 496; x_wconf 81' lang='grc'><strong>38</strong></span> <span class='ocrx_word' id='word_1_2' title='bbox 182 436 376 494; x_wconf 71' lang='lat' dir='ltr'><strong>ANNALIUM</strong></span> <span class='ocrx_word' id='word_1_3' title='bbox 387 438 440 489; x_wconf 75' lang='lat' dir='ltr'><strong>Lua</strong></span> <span class='ocrx_word' id='word_1_4' title='bbox 449 436 524 489; x_wconf 84' lang='lat' dir='ltr'>XIII.</span> <span class='ocrx_word' id='word_1_5' title='bbox 537 436 641 490; x_wconf 62' lang='lat' dir='ltr'><strong>Credo.</strong></span> <span class='ocrx_word' id='word_1_6' title='bbox 664 443 783 497; x_wconf 63' lang='lat' dir='ltr'><strong>meaos.</strong></span> 
     </span>
    </p>
   </div>
   <div class='ocr_carea' id='block_1_2' title="bbox 43 562 825 3045">
    <p class='ocr_par' dir='ltr' id='par_1_2' title="bbox 114 562 783 1372">
     <span class='ocr_line' id='line_1_2' title="bbox 147 562 781 632; baseline -0.008 -9"><span class='ocrx_word' id='word_1_7' title='bbox 147 562 181 622; x_wconf 79' lang='lat' dir='ltr'><strong>ll.</strong></span> <span class='ocrx_word' id='word_1_8' title='bbox 197 562 287 623; x_wconf 79' lang='lat' dir='ltr'><strong>Eodem</strong></span> <span class='ocrx_word' id='word_1_9' title='bbox 309 586 375 630; x_wconf 83' lang='lat' dir='ltr'><strong>anno,</strong></span> <span class='ocrx_word' id='word_1_10' title='bbox 403 568 483 621; x_wconf 74' lang='lat' dir='ltr'><strong>Caesar</strong></span> <span class='ocrx_word' id='word_1_11' title='bbox 501 570 600 632; x_wconf 83' lang='lat' dir='ltr'><strong>effigiem</strong></span> <span class='ocrx_word' id='word_1_12' title='bbox 622 569 667 620; x_wconf 82' lang='lat' dir='ltr'><strong>Cu.</strong></span> <span class='ocrx_word' id='word_1_13' title='bbox 674 570 781 619; x_wconf 87' lang='lat' dir='ltr'><strong>Domitio</strong></span> 
     </span>
     <span class='ocr_line' id='line_1_3' title="bbox 116 633 783 705; baseline -0.004 -18"><span class='ocrx_word' id='word_1_14' title='bbox 116 641 180 705; x_wconf 86' lang='lat' dir='ltr'><strong>patri,</strong></span> <span class='ocrx_word' id='word_1_15' title='bbox 190 636 420 701; x_wconf 85' lang='lat' dir='ltr'><strong>consulariainsiguia</strong></span> <span class='ocrx_word' id='word_1_16' title='bbox 428 636 529 687; x_wconf 86' lang='lat' dir='ltr'><strong>Asconio</strong></span> <span class='ocrx_word' id='word_1_17' title='bbox 538 633 645 692; x_wconf 79' lang='lat' dir='ltr'>Labeoni,</span> <span class='ocrx_word' id='word_1_18' title='bbox 654 652 699 699; x_wconf 90' lang='lat' dir='ltr'><strong>quo</strong></span> <span class='ocrx_word' id='word_1_19' title='bbox 706 643 783 684; x_wconf 88' lang='lat' dir='ltr'><strong>tutore</strong></span> 
     </span>
     <span class='ocr_line' id='line_1_4' title="bbox 115 701 782 768; baseline -0.006 -15"><span class='ocrx_word' id='word_1_20' title='bbox 115 721 169 753; x_wconf 89' lang='lat' dir='ltr'><strong>usus</strong></span> <span class='ocrx_word' id='word_1_21' title='bbox 181 711 235 759; x_wconf 89' lang='lat' dir='ltr'><strong>erat,</strong></span> <span class='ocrx_word' id='word_1_22' title='bbox 250 704 330 768; x_wconf 79' lang='lat' dir='ltr'><strong>petivit</strong></span> <span class='ocrx_word' id='word_1_23' title='bbox 341 720 355 752; x_wconf 85' lang='lat' dir='ltr'><strong>a</strong></span> <span class='ocrx_word' id='word_1_24' title='bbox 365 709 457 751; x_wconf 86' lang='lat' dir='ltr'><strong>senatu:</strong></span> <span class='ocrx_word' id='word_1_25' title='bbox 478 701 563 763; x_wconf 87' lang='lat' dir='ltr'><strong>sibique</strong></span> <span class='ocrx_word' id='word_1_26' title='bbox 576 708 668 757; x_wconf 86' lang='lat' dir='ltr'><strong>statuas,</strong></span> <span class='ocrx_word' id='word_1_27' title='bbox 685 708 782 765; x_wconf 86' lang='lat' dir='ltr'><strong>argento</strong></span> 
     </span>
     <span class='ocr_line' id='line_1_5' title="bbox 114 764 782 829; baseline -0.006 -11"><span class='ocrx_word' id='word_1_28' title='bbox 114 771 154 820; x_wconf 86' lang='lat' dir='ltr'><strong>vel</strong></span> <span class='ocrx_word' id='word_1_29' title='bbox 164 785 219 817; x_wconf 89' lang='lat' dir='ltr'><strong>auro</strong></span> <span class='ocrx_word' id='word_1_30' title='bbox 230 768 319 823; x_wconf 86' lang='lat' dir='ltr'><strong>solidas,</strong></span> <span class='ocrx_word' id='word_1_31' title='bbox 331 769 437 816; x_wconf 84' lang='lat' dir='ltr'><strong>adversus</strong></span> <span class='ocrx_word' id='word_1_32' title='bbox 453 764 572 814; x_wconf 85' lang='lat' dir='ltr'><strong>offerentes</strong></span> <span class='ocrx_word' id='word_1_33' title='bbox 589 767 708 829; x_wconf 85' lang='lat' dir='ltr'><strong>prohibuit.</strong></span> <span class='ocrx_word' id='word_1_34' title='bbox 740 766 782 823; x_wconf 75' lang='lat' dir='ltr'><strong>Et,</strong></span> 
     </span>
     <span class='ocr_line' id='line_1_6' title="bbox 116 832 780 898; baseline -0.005 -16"><span class='ocrx_word' id='word_1_35' title='bbox 116 850 250 898; x_wconf 81' lang='lat' dir='ltr'><strong>quamquam</strong></span> <span class='ocrx_word' id='word_1_36' title='bbox 262 833 402 880; x_wconf 77' lang='lat' dir='ltr'><strong>censuissent</strong></span> <span class='ocrx_word' id='word_1_37' title='bbox 412 839 493 894; x_wconf 88' lang='lat' dir='ltr'><strong>patres,</strong></span> <span class='ocrx_word' id='word_1_38' title='bbox 506 839 531 878; x_wconf 92' lang='lat' dir='ltr'><strong>ut</strong></span> <span class='ocrx_word' id='word_1_39' title='bbox 541 832 674 894; x_wconf 89' lang='lat' dir='ltr'><strong>principium</strong></span> <span class='ocrx_word' id='word_1_40' title='bbox 683 832 737 879; x_wconf 86' lang='lat' dir='ltr'><strong>anni</strong></span> <span class='ocrx_word' id='word_1_41' title='bbox 745 832 780 879; x_wconf 91' lang='lat' dir='ltr'><strong>in·</strong></span> 
     </span>
     <span class='ocr_line' id='line_1_7' title="bbox 116 896 782 958; baseline -0.006 -10"><span class='ocrx_word' id='word_1_42' title='bbox 116 901 136 948; x_wconf 81' lang='lat' dir='ltr'><strong>ci</strong></span> <span class='ocrx_word' id='word_1_43' title='bbox 153 908 200 947; x_wconf 86' lang='lat' dir='ltr'><strong>eret</strong></span> <span class='ocrx_word' id='word_1_44' title='bbox 206 896 420 953; x_wconf 88' lang='lat' dir='ltr'><strong>menseDecemhri,</strong></span> <span class='ocrx_word' id='word_1_45' title='bbox 426 913 471 958; x_wconf 92' lang='lat' dir='ltr'><strong>quo</strong></span> <span class='ocrx_word' id='word_1_46' title='bbox 478 903 541 944; x_wconf 92' lang='lat' dir='ltr'><strong>ortus</strong></span> <span class='ocrx_word' id='word_1_47' title='bbox 547 902 594 943; x_wconf 86' lang='lat' dir='ltr'><strong>erat</strong></span> <span class='ocrx_word' id='word_1_48' title='bbox 602 896 673 952; x_wconf 88' lang='lat' dir='ltr'><strong>Nero,</strong></span> <span class='ocrx_word' id='word_1_49' title='bbox 681 903 782 944; x_wconf 89' lang='lat' dir='ltr'><strong>veterem</strong></span> 
     </span>
     <span class='ocr_line' id='line_1_8' title="bbox 115 916 782 1028; baseline -0.007 -16"><span class='ocrx_word' id='word_1_50' title='bbox 115 916 248 1028; x_wconf 79' lang='lat' dir='ltr'><strong>religionem</strong></span> <span class='ocrx_word' id='word_1_51' title='bbox 258 963 410 1010; x_wconf 84' lang='lat' dir='ltr'><strong>Kalendarum</strong></span> <span class='ocrx_word' id='word_1_52' title='bbox 419 962 576 1010; x_wconf 88' lang='lat' dir='ltr'><strong>Januariarum</strong></span> <span class='ocrx_word' id='word_1_53' title='bbox 583 962 709 1008; x_wconf 86' lang='lat' dir='ltr'><strong>inchoando</strong></span> <span class='ocrx_word' id='word_1_54' title='bbox 721 976 782 1008; x_wconf 90' lang='lat' dir='ltr'><strong>anno</strong></span> 
     </span>
     <span class='ocr_line' id='line_1_9' title="bbox 116 1025 782 1090; baseline -0.008 -13"><span class='ocrx_word' id='word_1_55' title='bbox 116 1030 215 1078; x_wconf 83' lang='lat' dir='ltr'><strong>retinuit.</strong></span> <span class='ocrx_word' id='word_1_56' title='bbox 247 1027 330 1090; x_wconf 85' lang='lat' dir='ltr'><strong>Neque</strong></span> <span class='ocrx_word' id='word_1_57' title='bbox 349 1029 431 1090; x_wconf 77' lang='lat' dir='ltr'><strong>recepti</strong></span> <span class='ocrx_word' id='word_1_58' title='bbox 454 1035 507 1074; x_wconf 90' lang='lat' dir='ltr'><strong>sunt</strong></span> <span class='ocrx_word' id='word_1_59' title='bbox 528 1028 587 1073; x_wconf 85' lang='lat' dir='ltr'><strong>inter</strong></span> <span class='ocrx_word' id='word_1_60' title='bbox 612 1042 663 1073; x_wconf 91' lang='lat' dir='ltr'><strong>reos</strong></span> <span class='ocrx_word' id='word_1_61' title='bbox 686 1025 782 1076; x_wconf 82' lang='lat' dir='ltr'><strong>Carinas</strong></span> 
     </span>
     <span class='ocr_line' id='line_1_10' title="bbox 116 1090 783 1150; baseline -0.003 -10"><span class='ocrx_word' id='word_1_62' title='bbox 116 1094 191 1150; x_wconf 84' lang='lat' dir='ltr'><strong>Celer,</strong></span> <span class='ocrx_word' id='word_1_63' title='bbox 204 1100 301 1147; x_wconf 88' lang='lat' dir='ltr'><strong>senator,</strong></span> <span class='ocrx_word' id='word_1_64' title='bbox 321 1107 386 1140; x_wconf 90' lang='lat' dir='ltr'><strong>servo</strong></span> <span class='ocrx_word' id='word_1_65' title='bbox 401 1099 526 1147; x_wconf 81' lang='lat' dir='ltr'><strong>accusante,</strong></span> <span class='ocrx_word' id='word_1_66' title='bbox 544 1099 583 1139; x_wconf 88' lang='lat' dir='ltr'><strong>aut</strong></span> <span class='ocrx_word' id='word_1_67' title='bbox 593 1090 668 1140; x_wconf 80' lang='lat' dir='ltr'><strong>Julius</strong></span> <span class='ocrx_word' id='word_1_68' title='bbox 679 1091 783 1146; x_wconf 84' lang='lat' dir='ltr'><strong>Densus,</strong></span> 
     </span>
     <span class='ocr_line' id='line_1_11' title="bbox 120 1155 758 1222; baseline -0.008 -15"><span class='ocrx_word' id='word_1_69' title='bbox 120 1167 229 1222; x_wconf 88' lang='lat' dir='ltr'><strong>equester,</strong></span> <span class='ocrx_word' id='word_1_70' title='bbox 239 1159 274 1205; x_wconf 88' lang='lat' dir='ltr'><strong>cui</strong></span> <span class='ocrx_word' id='word_1_71' title='bbox 285 1157 383 1204; x_wconf 83' lang='lat' dir='ltr'><strong>favorio</strong></span> <span class='ocrx_word' id='word_1_72' title='bbox 395 1155 550 1204; x_wconf 87' lang='lat' dir='ltr'><strong>Britannicum</strong></span> <span class='ocrx_word' id='word_1_73' title='bbox 563 1158 650 1203; x_wconf 87' lang='lat' dir='ltr'><strong>crimini</strong></span> <span class='ocrx_word' id='word_1_74' title='bbox 659 1157 758 1203; x_wconf 86' lang='lat' dir='ltr'><strong>dabatur.</strong></span> 
     </span>
     <span class='ocr_line' id='line_1_12' title="bbox 119 1219 781 1307; baseline -0.005 -36"><span class='ocrx_word' id='word_1_75' title='bbox 119 1257 144 1307; x_wconf 79' lang='lat' dir='ltr'><strong>U</strong></span> <span class='ocrx_word' id='word_1_76' title='bbox 158 1256 179 1305; x_wconf 75' lang='lat' dir='ltr'>c</span> <span class='ocrx_word' id='word_1_77' title='bbox 194 1261 242 1305; x_wconf 71' lang='lat'><strong>309</strong></span> <span class='ocrx_word' id='word_1_78' title='bbox 299 1219 781 1276; x_wconf 83' lang='lat' dir='ltr'><strong>XI.ClaudioNerone,L.AntistioCoss.,</strong></span> 
     </span>
     <span class='ocr_line' id='line_1_13' title="bbox 127 1287 780 1372; baseline -0.005 -37"><span class='ocrx_word' id='word_1_79' title='bbox 127 1292 150 1372; x_wconf 73' lang='lat' dir='ltr'><strong>J&#39;</strong></span> <span class='ocrx_word' id='word_1_80' title='bbox 157 1291 186 1370; x_wconf 72' lang='lat' dir='ltr'><strong>C·</strong></span> <span class='ocrx_word' id='word_1_81' title='bbox 194 1325 225 1369; x_wconf 70' lang='lat'><strong>56</strong></span> <span class='ocrx_word' id='word_1_82' title='bbox 242 1290 249 1304; x_wconf 75' lang='lat'><em>⁶</em></span> <span class='ocrx_word' id='word_1_83' title='bbox 282 1303 332 1335; x_wconf 86' lang='lat' dir='ltr'><strong>curn</strong></span> <span class='ocrx_word' id='word_1_84' title='bbox 349 1288 433 1334; x_wconf 87' lang='lat' dir='ltr'><strong>inacta</strong></span> <span class='ocrx_word' id='word_1_85' title='bbox 448 1287 572 1349; x_wconf 87' lang='lat' dir='ltr'><strong>principum</strong></span> <span class='ocrx_word' id='word_1_86' title='bbox 582 1289 686 1349; x_wconf 88' lang='lat' dir='ltr'><strong>jurarent</strong></span> <span class='ocrx_word' id='word_1_87' title='bbox 705 1287 780 1350; x_wconf 80' lang='lat' dir='ltr'><strong>magi·</strong></span> 
     </span>
    </p>

    <p class='ocr_par' dir='ltr' id='par_1_3' title="bbox 111 1347 783 1612">
     <span class='ocr_line' id='line_1_14' title="bbox 145 1347 781 1413; baseline -0.003 -14"><span class='ocrx_word' id='word_1_88' title='bbox 145 1357 152 1370; x_wconf 87' lang='lat'>’</span> <span class='ocrx_word' id='word_1_89' title='bbox 179 1354 186 1368; x_wconf 84' lang='lat'><em>⁰</em></span> <span class='ocrx_word' id='word_1_90' title='bbox 227 1355 233 1368; x_wconf 88' lang='lat'>&#39;</span> <span class='ocrx_word' id='word_1_91' title='bbox 282 1360 372 1407; x_wconf 89' lang='lat' dir='ltr'><strong>stratus,</strong></span> <span class='ocrx_word' id='word_1_92' title='bbox 383 1353 407 1398; x_wconf 88' lang='lat' dir='ltr'><strong>in</strong></span> <span class='ocrx_word' id='word_1_93' title='bbox 419 1366 459 1398; x_wconf 86' lang='lat' dir='ltr'><strong>sua</strong></span> <span class='ocrx_word' id='word_1_94' title='bbox 471 1359 521 1398; x_wconf 83' lang='lat' dir='ltr'><strong>acte</strong></span> <span class='ocrx_word' id='word_1_95' title='bbox 531 1351 641 1413; x_wconf 83' lang='lat' dir='ltr'><strong>collegam</strong></span> <span class='ocrx_word' id='word_1_96' title='bbox 654 1347 781 1400; x_wconf 85' lang='lat' dir='ltr'><strong>Antistium</strong></span> 
     </span>
     <span class='ocr_line' id='line_1_15' title="bbox 111 1416 783 1486; baseline -0.006 -19"><span class='ocrx_word' id='word_1_97' title='bbox 111 1423 189 1486; x_wconf 82' lang='lat' dir='ltr'><strong>jurare</strong></span> <span class='ocrx_word' id='word_1_98' title='bbox 200 1417 325 1480; x_wconf 82' lang='lat' dir='ltr'><strong>prohibuit3</strong></span> <span class='ocrx_word' id='word_1_99' title='bbox 342 1417 431 1478; x_wconf 85' lang='lat' dir='ltr'><strong>magnis</strong></span> <span class='ocrx_word' id='word_1_100' title='bbox 447 1422 535 1477; x_wconf 88' lang='lat' dir='ltr'><strong>patrum</strong></span> <span class='ocrx_word' id='word_1_101' title='bbox 549 1416 656 1470; x_wconf 84' lang='lat' dir='ltr'><strong>laudibus,</strong></span> <span class='ocrx_word' id='word_1_102' title='bbox 674 1424 700 1463; x_wconf 91' lang='lat' dir='ltr'><strong>ut</strong></span> <span class='ocrx_word' id='word_1_103' title='bbox 713 1418 783 1479; x_wconf 81' lang='lat' dir='ltr'><strong>juve·</strong></span> 
     </span>
     <span class='ocr_line' id='line_1_16' title="bbox 118 1478 782 1543; baseline -0.006 -11"><span class='ocrx_word' id='word_1_104' title='bbox 118 1485 170 1533; x_wconf 90' lang='lat' dir='ltr'><strong>nilis</strong></span> <span class='ocrx_word' id='word_1_105' title='bbox 186 1484 282 1539; x_wconf 89' lang='lat' dir='ltr'><strong>animus,</strong></span> <span class='ocrx_word' id='word_1_106' title='bbox 297 1481 381 1528; x_wconf 81' lang='lat' dir='ltr'><strong>levium</strong></span> <span class='ocrx_word' id='word_1_107' title='bbox 394 1495 485 1541; x_wconf 80' lang='lat' dir='ltr'><strong>quoque</strong></span> <span class='ocrx_word' id='word_1_108' title='bbox 498 1495 571 1527; x_wconf 88' lang='lat' dir='ltr'><strong>rerum</strong></span> <span class='ocrx_word' id='word_1_109' title='bbox 591 1478 663 1543; x_wconf 72' lang='lat' dir='ltr'><strong>gloriis</strong></span> <span class='ocrx_word' id='word_1_110' title='bbox 674 1481 782 1537; x_wconf 82' lang='lat' dir='ltr'><strong>sublatus,</strong></span> 
     </span>
     <span class='ocr_line' id='line_1_17' title="bbox 118 1545 782 1612; baseline -0.008 -14"><span class='ocrx_word' id='word_1_111' title='bbox 118 1551 214 1612; x_wconf 88' lang='lat' dir='ltr'><strong>majores</strong></span> <span class='ocrx_word' id='word_1_112' title='bbox 225 1548 373 1594; x_wconf 82' lang='lat' dir='ltr'><strong>continuaret.</strong></span> <span class='ocrx_word' id='word_1_113' title='bbox 405 1545 531 1606; x_wconf 85' lang='lat' dir='ltr'><strong>Secutaque</strong></span> <span class='ocrx_word' id='word_1_114' title='bbox 540 1545 621 1592; x_wconf 88' lang='lat' dir='ltr'><strong>lenitas</strong></span> <span class='ocrx_word' id='word_1_115' title='bbox 631 1546 654 1592; x_wconf 90' lang='lat' dir='ltr'><strong>in</strong></span> <span class='ocrx_word' id='word_1_116' title='bbox 667 1545 782 1593; x_wconf 86' lang='lat' dir='ltr'><strong>Plautium</strong></span> 
     </span>
    </p>

    <p class='ocr_par' dir='ltr' id='par_1_4' title="bbox 43 1609 784 1938">
     <span class='ocr_line' id='line_1_18' title="bbox 43 1609 784 1672; baseline -0.005 -10"><span class='ocrx_word' id='word_1_117' title='bbox 43 1640 49 1653; x_wconf 65' lang='grc' dir='ltr'><em>ι</em></span> <span class='ocrx_word' id='word_1_118' title='bbox 119 1614 264 1666; x_wconf 85' lang='lat' dir='ltr'><strong>Lateranum,</strong></span> <span class='ocrx_word' id='word_1_119' title='bbox 284 1625 358 1672; x_wconf 90' lang='lat' dir='ltr'><strong>quem,</strong></span> <span class='ocrx_word' id='word_1_120' title='bbox 371 1610 399 1656; x_wconf 92' lang='lat' dir='ltr'><strong>oh</strong></span> <span class='ocrx_word' id='word_1_121' title='bbox 410 1610 542 1657; x_wconf 84' lang='lat' dir='ltr'><strong>adulterium</strong></span> <span class='ocrx_word' id='word_1_122' title='bbox 560 1609 692 1657; x_wconf 88' lang='lat' dir='ltr'><strong>Messalinae</strong></span> <span class='ocrx_word' id='word_1_123' title='bbox 703 1611 784 1659; x_wconf 85' lang='lat' dir='ltr'><strong>ordine</strong></span> 
     </span>
     <span class='ocr_line' id='line_1_19' title="bbox 118 1674 782 1734; baseline -0.006 -6"><span class='ocrx_word' id='word_1_124' title='bbox 118 1686 239 1734; x_wconf 91' lang='lat' dir='ltr'><strong>remotum,</strong></span> <span class='ocrx_word' id='word_1_125' title='bbox 251 1675 346 1723; x_wconf 83' lang='lat' dir='ltr'><strong>reddidit</strong></span> <span class='ocrx_word' id='word_1_126' title='bbox 353 1675 446 1730; x_wconf 88' lang='lat' dir='ltr'><strong>senatui,</strong></span> <span class='ocrx_word' id='word_1_127' title='bbox 459 1674 599 1721; x_wconf 87' lang='lat' dir='ltr'><strong>clementiam</strong></span> <span class='ocrx_word' id='word_1_128' title='bbox 611 1691 673 1722; x_wconf 87' lang='lat' dir='ltr'><strong>snam</strong></span> <span class='ocrx_word' id='word_1_129' title='bbox 685 1677 782 1724; x_wconf 87' lang='lat' dir='ltr'><strong>obstrin-</strong></span> 
     </span>
     <span class='ocr_line' id='line_1_20' title="bbox 118 1739 781 1808; baseline -0.005 -17"><span class='ocrx_word' id='word_1_130' title='bbox 118 1759 175 1808; x_wconf 83' lang='lat' dir='ltr'><strong>gens</strong></span> <span class='ocrx_word' id='word_1_131' title='bbox 192 1741 274 1789; x_wconf 83' lang='lat' dir='ltr'><strong>crebris</strong></span> <span class='ocrx_word' id='word_1_132' title='bbox 291 1739 433 1794; x_wconf 88' lang='lat' dir='ltr'><strong>orationibus,</strong></span> <span class='ocrx_word' id='word_1_133' title='bbox 452 1755 508 1801; x_wconf 88' lang='lat' dir='ltr'><strong>quas</strong></span> <span class='ocrx_word' id='word_1_134' title='bbox 528 1740 618 1797; x_wconf 85' lang='lat' dir='ltr'><strong>Seneca,</strong></span> <span class='ocrx_word' id='word_1_135' title='bbox 633 1740 781 1797; x_wconf 80' lang='lat' dir='ltr'><strong>testificando,</strong></span> 
     </span>
     <span class='ocr_line' id='line_1_21' title="bbox 117 1804 781 1871; baseline -0.003 -15"><span class='ocrx_word' id='word_1_136' title='bbox 117 1824 184 1871; x_wconf 89' lang='lat' dir='ltr'><strong>quam</strong></span> <span class='ocrx_word' id='word_1_137' title='bbox 196 1808 291 1853; x_wconf 87' lang='lat' dir='ltr'><strong>honesta</strong></span> <span class='ocrx_word' id='word_1_138' title='bbox 301 1805 438 1867; x_wconf 69' lang='lat' dir='ltr'><strong>praeciperet,</strong></span> <span class='ocrx_word' id='word_1_139' title='bbox 450 1804 488 1852; x_wconf 82' lang='lat' dir='ltr'><strong>vel</strong></span> <span class='ocrx_word' id='word_1_140' title='bbox 501 1805 602 1867; x_wconf 85' lang='lat' dir='ltr'><strong>jactandi</strong></span> <span class='ocrx_word' id='word_1_141' title='bbox 619 1806 713 1870; x_wconf 87' lang='lat' dir='ltr'><strong>ingenii,</strong></span> <span class='ocrx_word' id='word_1_142' title='bbox 723 1822 781 1854; x_wconf 81' lang='lat' dir='ltr'><strong>voce</strong></span> 
     </span>
     <span class='ocr_line' id='line_1_22' title="bbox 115 1869 346 1938; baseline -0.026 -17"><span class='ocrx_word' id='word_1_143' title='bbox 115 1871 222 1938; x_wconf 88' lang='lat' dir='ltr'><strong>principis</strong></span> <span class='ocrx_word' id='word_1_144' title='bbox 232 1869 346 1932; x_wconf 76' lang='lat' dir='ltr'><strong>vulgabat.</strong></span> 
     </span>
    </p>

    <p class='ocr_par' dir='ltr' id='par_1_5' title="bbox 117 1933 784 2647">
     <span class='ocr_line' id='line_1_23' title="bbox 150 1933 781 1997; baseline 0 -13"><span class='ocrx_word' id='word_1_145' title='bbox 150 1934 210 1984; x_wconf 83' lang='lat' dir='ltr'>XII.</span> <span class='ocrx_word' id='word_1_146' title='bbox 229 1933 344 1984; x_wconf 83' lang='lat' dir='ltr'><strong>Caeterum</strong></span> <span class='ocrx_word' id='word_1_147' title='bbox 363 1933 457 1980; x_wconf 78' lang='lat' dir='ltr'><strong>infracta</strong></span> <span class='ocrx_word' id='word_1_148' title='bbox 467 1935 573 1996; x_wconf 86' lang='lat' dir='ltr'><strong>paulatim</strong></span> <span class='ocrx_word' id='word_1_149' title='bbox 584 1935 685 1997; x_wconf 85' lang='lat' dir='ltr'><strong>potentia</strong></span> <span class='ocrx_word' id='word_1_150' title='bbox 695 1938 781 1991; x_wconf 87' lang='lat' dir='ltr'><strong>matris,</strong></span> 
     </span>
     <span class='ocr_line' id='line_1_24' title="bbox 117 1999 781 2064; baseline -0.003 -14"><span class='ocrx_word' id='word_1_151' title='bbox 117 2002 209 2064; x_wconf 86' lang='lat' dir='ltr'><strong>delapso</strong></span> <span class='ocrx_word' id='word_1_152' title='bbox 226 2000 319 2047; x_wconf 88' lang='lat' dir='ltr'><strong>Nerone</strong></span> <span class='ocrx_word' id='word_1_153' title='bbox 334 2000 357 2046; x_wconf 90' lang='lat' dir='ltr'><strong>in</strong></span> <span class='ocrx_word' id='word_1_154' title='bbox 373 2013 471 2046; x_wconf 86' lang='lat' dir='ltr'><strong>amorem</strong></span> <span class='ocrx_word' id='word_1_155' title='bbox 489 1999 581 2054; x_wconf 83' lang='lat' dir='ltr'><strong>lihertae,</strong></span> <span class='ocrx_word' id='word_1_156' title='bbox 597 2001 634 2046; x_wconf 88' lang='lat' dir='ltr'><strong>cui</strong></span> <span class='ocrx_word' id='word_1_157' title='bbox 648 2002 781 2048; x_wconf 78' lang='lat' dir='ltr'><strong>vocabulum</strong></span> 
     </span>
     <span class='ocr_line' id='line_1_25' title="bbox 120 2064 783 2115; baseline -0.002 -1"><span class='ocrx_word' id='word_1_158' title='bbox 120 2067 180 2115; x_wconf 80' lang='lat' dir='ltr'><strong>Acte</strong></span> <span class='ocrx_word' id='word_1_159' title='bbox 194 2066 252 2113; x_wconf 78' lang='lat' dir='ltr'><strong>suit:</strong></span> <span class='ocrx_word' id='word_1_160' title='bbox 272 2065 338 2112; x_wconf 89' lang='lat' dir='ltr'><strong>simul</strong></span> <span class='ocrx_word' id='word_1_161' title='bbox 354 2064 458 2111; x_wconf 87' lang='lat' dir='ltr'><strong>assumtis</strong></span> <span class='ocrx_word' id='word_1_162' title='bbox 475 2065 498 2110; x_wconf 90' lang='lat' dir='ltr'><strong>in</strong></span> <span class='ocrx_word' id='word_1_163' title='bbox 513 2065 671 2111; x_wconf 85' lang='lat' dir='ltr'><strong>conscientiam</strong></span> <span class='ocrx_word' id='word_1_164' title='bbox 690 2065 783 2113; x_wconf 90' lang='lat' dir='ltr'><strong>Othone</strong></span> 
     </span>
     <span class='ocr_line' id='line_1_26' title="bbox 117 2129 782 2192; baseline -0.005 -12"><span class='ocrx_word' id='word_1_165' title='bbox 117 2140 141 2180; x_wconf 87' lang='lat' dir='ltr'><strong>et</strong></span> <span class='ocrx_word' id='word_1_166' title='bbox 150 2131 245 2180; x_wconf 88' lang='lat' dir='ltr'><strong>Claudio</strong></span> <span class='ocrx_word' id='word_1_167' title='bbox 258 2130 388 2185; x_wconf 88' lang='lat' dir='ltr'><strong>Senecione,</strong></span> <span class='ocrx_word' id='word_1_168' title='bbox 395 2129 565 2175; x_wconf 85' lang='lat' dir='ltr'><strong>adolescentulis</strong></span> <span class='ocrx_word' id='word_1_169' title='bbox 575 2130 673 2186; x_wconf 85' lang='lat' dir='ltr'><strong>decoris;</strong></span> <span class='ocrx_word' id='word_1_170' title='bbox 686 2146 782 2192; x_wconf 89' lang='lat' dir='ltr'><strong>quorum</strong></span> 
     </span>
     <span class='ocr_line' id='line_1_27' title="bbox 118 2193 784 2257; baseline -0.002 -14"><span class='ocrx_word' id='word_1_171' title='bbox 118 2198 180 2247; x_wconf 89' lang='lat' dir='ltr'><strong>Otho</strong></span> <span class='ocrx_word' id='word_1_172' title='bbox 191 2194 276 2242; x_wconf 77' lang='lat' dir='ltr'><strong>familia</strong></span> <span class='ocrx_word' id='word_1_173' title='bbox 286 2194 405 2248; x_wconf 86' lang='lat' dir='ltr'><strong>consulari,</strong></span> <span class='ocrx_word' id='word_1_174' title='bbox 417 2194 512 2241; x_wconf 87' lang='lat' dir='ltr'><strong>Senecio</strong></span> <span class='ocrx_word' id='word_1_175' title='bbox 522 2193 601 2240; x_wconf 87' lang='lat' dir='ltr'><strong>liberto</strong></span> <span class='ocrx_word' id='word_1_176' title='bbox 611 2193 713 2242; x_wconf 61' lang='lat' dir='ltr'><strong>Caesaris&#39;</strong></span> <span class='ocrx_word' id='word_1_177' title='bbox 720 2203 784 2257; x_wconf 88' lang='lat' dir='ltr'><strong>patre</strong></span> 
     </span>
     <span class='ocr_line' id='line_1_28' title="bbox 117 2257 781 2328; baseline -0.003 -19"><span class='ocrx_word' id='word_1_178' title='bbox 117 2262 215 2328; x_wconf 83' lang='lat' dir='ltr'><strong>genitus,</strong></span> <span class='ocrx_word' id='word_1_179' title='bbox 227 2257 305 2322; x_wconf 73' lang='lat' dir='ltr'><strong>ignari</strong></span> <span class='ocrx_word' id='word_1_180' title='bbox 315 2266 393 2316; x_wconf 90' lang='lat' dir='ltr'><strong>matre,</strong></span> <span class='ocrx_word' id='word_1_181' title='bbox 406 2259 456 2306; x_wconf 90' lang='lat' dir='ltr'><strong>dein</strong></span> <span class='ocrx_word' id='word_1_182' title='bbox 466 2258 548 2304; x_wconf 85' lang='lat' dir='ltr'><strong>frustra</strong></span> <span class='ocrx_word' id='word_1_183' title='bbox 560 2260 681 2315; x_wconf 88' lang='lat' dir='ltr'><strong>obnitente,</strong></span> <span class='ocrx_word' id='word_1_184' title='bbox 692 2261 781 2323; x_wconf 88' lang='lat' dir='ltr'><strong>penitus</strong></span> 
     </span>
     <span class='ocr_line' id='line_1_29' title="bbox 118 2323 781 2388; baseline -0.002 -14"><span class='ocrx_word' id='word_1_185' title='bbox 118 2329 237 2388; x_wconf 85' lang='lat' dir='ltr'><strong>irrepserat</strong></span> <span class='ocrx_word' id='word_1_186' title='bbox 251 2340 292 2386; x_wconf 88' lang='lat' dir='ltr'><strong>per</strong></span> <span class='ocrx_word' id='word_1_187' title='bbox 305 2323 383 2370; x_wconf 89' lang='lat' dir='ltr'><strong>luxum</strong></span> <span class='ocrx_word' id='word_1_188' title='bbox 400 2331 423 2371; x_wconf 84' lang='lat' dir='ltr'><strong>et</strong></span> <span class='ocrx_word' id='word_1_189' title='bbox 437 2325 542 2385; x_wconf 85' lang='lat' dir='ltr'><strong>ambigua</strong></span> <span class='ocrx_word' id='word_1_190' title='bbox 552 2332 653 2381; x_wconf 87' lang='lat' dir='ltr'><strong>secreta;</strong></span> <span class='ocrx_word' id='word_1_191' title='bbox 670 2339 700 2371; x_wconf 85' lang='lat' dir='ltr'><strong>ne.</strong></span> <span class='ocrx_word' id='word_1_192' title='bbox 717 2334 781 2373; x_wconf 76' lang='lat' dir='ltr'><strong>seve·</strong></span> 
     </span>
     <span class='ocr_line' id='line_1_30' title="bbox 118 2389 780 2450; baseline -0.002 -12"><span class='ocrx_word' id='word_1_193' title='bbox 118 2392 213 2438; x_wconf 84' lang='lat' dir='ltr'><strong>rioribus</strong></span> <span class='ocrx_word' id='word_1_194' title='bbox 224 2389 313 2450; x_wconf 91' lang='lat' dir='ltr'><strong>quidem</strong></span> <span class='ocrx_word' id='word_1_195' title='bbox 329 2389 434 2450; x_wconf 88' lang='lat' dir='ltr'><strong>principis</strong></span> <span class='ocrx_word' id='word_1_196' title='bbox 454 2389 530 2434; x_wconf 88' lang='lat' dir='ltr'><strong>amicis</strong></span> <span class='ocrx_word' id='word_1_197' title='bbox 541 2389 717 2445; x_wconf 86' lang='lat' dir='ltr'><strong>adversantibus,</strong></span> <span class='ocrx_word' id='word_1_198' title='bbox 729 2405 780 2437; x_wconf 89' lang='lat' dir='ltr'><strong>rnu-</strong></span> 
     </span>
     <span class='ocr_line' id='line_1_31' title="bbox 119 2451 783 2516; baseline -0.002 -14"><span class='ocrx_word' id='word_1_199' title='bbox 119 2452 220 2511; x_wconf 74' lang='lat' dir='ltr'><strong>lierculd,</strong></span> <span class='ocrx_word' id='word_1_200' title='bbox 232 2451 293 2500; x_wconf 80' lang='lat' dir='ltr'><strong>nulld</strong></span> <span class='ocrx_word' id='word_1_201' title='bbox 304 2454 432 2515; x_wconf 86' lang='lat' dir='ltr'><strong>cujusquam</strong></span> <span class='ocrx_word' id='word_1_202' title='bbox 443 2452 528 2515; x_wconf 72' lang='lat' dir='ltr'><strong>injurii,</strong></span> <span class='ocrx_word' id='word_1_203' title='bbox 546 2454 660 2516; x_wconf 89' lang='lat' dir='ltr'><strong>cupidines</strong></span> <span class='ocrx_word' id='word_1_204' title='bbox 676 2455 783 2516; x_wconf 82' lang='lat' dir='ltr'><strong>principis</strong></span> 
     </span>
     <span class='ocr_line' id='line_1_32' title="bbox 119 2517 781 2582; baseline -0.002 -15"><span class='ocrx_word' id='word_1_205' title='bbox 119 2521 224 2582; x_wconf 83' lang='lat' dir='ltr'><strong>explente</strong></span> <span class='ocrx_word' id='word_1_206' title='bbox 230 2536 238 2575; x_wconf 85' lang='lat'>;</span> <span class='ocrx_word' id='word_1_207' title='bbox 256 2519 344 2579; x_wconf 88' lang='lat' dir='ltr'><strong>quando</strong></span> <span class='ocrx_word' id='word_1_208' title='bbox 359 2533 429 2565; x_wconf 87' lang='lat' dir='ltr'><strong>uxore</strong></span> <span class='ocrx_word' id='word_1_209' title='bbox 445 2519 472 2564; x_wconf 88' lang='lat' dir='ltr'><strong>ab</strong></span> <span class='ocrx_word' id='word_1_210' title='bbox 487 2517 589 2573; x_wconf 73' lang='lat' dir='ltr'><strong>Octavia,</strong></span> <span class='ocrx_word' id='word_1_211' title='bbox 606 2519 674 2565; x_wconf 91' lang='lat' dir='ltr'><strong>nobili</strong></span> <span class='ocrx_word' id='word_1_212' title='bbox 690 2520 781 2580; x_wconf 89' lang='lat' dir='ltr'><strong>quidem</strong></span> 
     </span>
     <span class='ocr_line' id='line_1_33' title="bbox 120 2582 781 2647; baseline 0 -16"><span class='ocrx_word' id='word_1_213' title='bbox 120 2591 143 2631; x_wconf 87' lang='lat' dir='ltr'><strong>et</strong></span> <span class='ocrx_word' id='word_1_214' title='bbox 153 2584 268 2646; x_wconf 87' lang='lat' dir='ltr'><strong>probitatis</strong></span> <span class='ocrx_word' id='word_1_215' title='bbox 288 2590 400 2646; x_wconf 81' lang='lat' dir='ltr'><strong>spectatae,</strong></span> <span class='ocrx_word' id='word_1_216' title='bbox 418 2582 465 2629; x_wconf 89' lang='lat' dir='ltr'><strong>sato</strong></span> <span class='ocrx_word' id='word_1_217' title='bbox 476 2583 579 2642; x_wconf 87' lang='lat' dir='ltr'><strong>quodam,</strong></span> <span class='ocrx_word' id='word_1_218' title='bbox 591 2599 619 2629; x_wconf 88' lang='lat' dir='ltr'><strong>an</strong></span> <span class='ocrx_word' id='word_1_219' title='bbox 631 2585 682 2644; x_wconf 91' lang='lat' dir='ltr'><strong>quia</strong></span> <span class='ocrx_word' id='word_1_220' title='bbox 693 2599 781 2647; x_wconf 84' lang='lat' dir='ltr'><strong>praeva·</strong></span> 
     </span>
    </p>

    <p class='ocr_par' dir='ltr' id='par_1_6' title="bbox 91 2648 783 2820">
     <span class='ocr_line' id='line_1_34' title="bbox 91 2648 783 2712; baseline 0 -15"><span class='ocrx_word' id='word_1_221' title='bbox 91 2674 94 2680; x_wconf 93' lang='lat'><em>·</em></span> <span class='ocrx_word' id='word_1_222' title='bbox 117 2648 165 2697; x_wconf 90' lang='lat' dir='ltr'><strong>lent</strong></span> <span class='ocrx_word' id='word_1_223' title='bbox 176 2649 259 2702; x_wconf 87' lang='lat' dir='ltr'><strong>illicita,</strong></span> <span class='ocrx_word' id='word_1_224' title='bbox 269 2648 411 2694; x_wconf 89' lang='lat' dir='ltr'><strong>abhorrebat:</strong></span> <span class='ocrx_word' id='word_1_225' title='bbox 431 2648 620 2708; x_wconf 85' lang='lat' dir='ltr'><strong>metuebaturque,</strong></span> <span class='ocrx_word' id='word_1_226' title='bbox 630 2664 659 2694; x_wconf 88' lang='lat' dir='ltr'><strong>ne</strong></span> <span class='ocrx_word' id='word_1_227' title='bbox 669 2650 693 2695; x_wconf 91' lang='lat' dir='ltr'><strong>in</strong></span> <span class='ocrx_word' id='word_1_228' title='bbox 705 2655 783 2712; x_wconf 76' lang='lat' dir='ltr'><strong>stupra</strong></span> 
     </span>
     <span class='ocr_line' id='line_1_35' title="bbox 97 2711 781 2820; baseline 0.003 -62"><span class='ocrx_word' id='word_1_229' title='bbox 97 2713 249 2820; x_wconf 40' lang='lat' dir='ltr'><strong>hdpyqninarum</strong></span> <span class='ocrx_word' id='word_1_230' title='bbox 257 2713 379 2761; x_wconf 87' lang='lat' dir='ltr'><strong>illustrium</strong></span> <span class='ocrx_word' id='word_1_231' title='bbox 385 2721 544 2777; x_wconf 88' lang='lat' dir='ltr'><strong>prorumperet,</strong></span> <span class='ocrx_word' id='word_1_232' title='bbox 557 2713 575 2759; x_wconf 92' lang='lat' dir='ltr'><strong>si</strong></span> <span class='ocrx_word' id='word_1_233' title='bbox 583 2711 621 2759; x_wconf 77' lang='lat' dir='ltr'><strong>illd</strong></span> <span class='ocrx_word' id='word_1_234' title='bbox 628 2713 720 2760; x_wconf 86' lang='lat' dir='ltr'><strong>libidine</strong></span> <span class='ocrx_word' id='word_1_235' title='bbox 728 2730 781 2777; x_wconf 85' lang='lat' dir='ltr'><strong>pro·</strong></span> 
     </span>
    </p>

    <p class='ocr_par' dir='ltr' id='par_1_7' title="bbox 56 2777 825 3045">
     <span class='ocr_line' id='line_1_36' title="bbox 114 2777 751 2825; baseline 0.002 -4"><span class='ocrx_word' id='word_1_236' title='bbox 114 2777 127 2821; x_wconf 93' lang='lat'><strong>1&#39;</strong></span> <span class='ocrx_word' id='word_1_237' title='bbox 152 2785 225 2825; x_wconf 81' lang='lat' dir='ltr'><strong>retur.</strong></span> <span class='ocrx_word' id='word_1_238' title='bbox 747 2800 751 2809; x_wconf 91' lang='lat'><em>·</em></span> 
     </span>
     <span class='ocr_line' id='line_1_37' title="bbox 123 2829 751 2912; baseline 0.019 -28"><span class='ocrx_word' id='word_1_239' title='bbox 123 2829 278 2910; x_wconf 60' lang='lat' dir='ltr'><strong>arrisu</strong></span> <span class='ocrx_word' id='word_1_240' title='bbox 294 2845 434 2912; x_wconf 72' lang='lat' dir='ltr'><strong>Agapprna</strong></span> <span class='ocrx_word' id='word_1_241' title='bbox 453 2845 563 2893; x_wconf 62' lang='lat' dir='ltr'><strong>iusseram</strong></span> <span class='ocrx_word' id='word_1_242' title='bbox 582 2841 703 2896; x_wconf 70' lang='lat' dir='ltr'><strong>amum,</strong></span> <span class='ocrx_word' id='word_1_243' title='bbox 716 2854 751 2884; x_wconf 69' lang='lat' dir='ltr'><strong>uu</strong></span> 
     </span>
     <span class='ocr_line' id='line_1_38' title="bbox 71 2901 818 2976; baseline -0.007 -9"><span class='ocrx_word' id='word_1_244' title='bbox 71 2901 200 2966; x_wconf 60' lang='lat' dir='ltr'><strong>mmm,</strong></span> <span class='ocrx_word' id='word_1_245' title='bbox 223 2911 332 2976; x_wconf 82' lang='lat' dir='ltr'><strong>aliaque,</strong></span> <span class='ocrx_word' id='word_1_246' title='bbox 357 2914 476 2962; x_wconf 87' lang='lat' dir='ltr'><strong>eumdem</strong></span> <span class='ocrx_word' id='word_1_247' title='bbox 494 2913 523 2960; x_wconf 87' lang='lat' dir='ltr'><strong>in</strong></span> <span class='ocrx_word' id='word_1_248' title='bbox 544 2906 656 2962; x_wconf 72' lang='lat' dir='ltr'><strong>monum,</strong></span> <span class='ocrx_word' id='word_1_249' title='bbox 669 2901 818 2965; x_wconf 45' lang='lat' dir='ltr'><strong>mimmii</strong></span> 
     </span>
     <span class='ocr_line' id='line_1_39' title="bbox 56 2957 825 3045; baseline 0.013 -35"><span class='ocrx_word' id='word_1_250' title='bbox 56 2957 190 3019; x_wconf 72' lang='lat' dir='ltr'><strong>fremere:</strong></span> <span class='ocrx_word' id='word_1_251' title='bbox 212 2990 301 3042; x_wconf 86' lang='lat' dir='ltr'><strong>neque</strong></span> <span class='ocrx_word' id='word_1_252' title='bbox 322 2982 511 3045; x_wconf 78' lang='lat' dir='ltr'><strong>poeniteutiam</strong></span> <span class='ocrx_word' id='word_1_253' title='bbox 526 2976 574 3026; x_wconf 80' lang='lat' dir='ltr'><strong>lilii</strong></span> <span class='ocrx_word' id='word_1_254' title='bbox 585 2979 632 3024; x_wconf 72' lang='lat' dir='ltr'><strong>aut</strong></span> <span class='ocrx_word' id='word_1_255' title='bbox 643 2970 825 3020; x_wconf 63' lang='lat' dir='ltr'><strong>suessanae</strong></span> 
     </span>
    </p>
   </div>
   <div class='ocr_carea' id='block_1_3' title="bbox 0 0 849 3188">
    <p class='ocr_par' dir='ltr' id='par_1_8' title="bbox 0 0 849 3188">
     <span class='ocr_line' id='line_1_40' title="bbox 0 0 849 3188; baseline 0 0"><span class='ocrx_word' id='word_1_256' title='bbox 0 0 849 3188; x_wconf 95' lang='lat' dir='ltr'><strong> </strong></span> 
     </span>
    </p>
   </div>
  </div>
 </body>
</html>
