1680 3188
100 109 119 150 J·
129 111 153 153 c·
162 112 195 159 91.
243 110 588 185 auummmmxm
596 111 703 163 Cardu.
733 114 766 160 4⁸1
816 117 820 120 “

101 239 153 302 ipris
163 238 284 292 utiomn
299 259 351 292 esse
366 244 461 293 debere:
481 245 537 293 nihil
552 245 708 293 universorum
719 241 768 306 juri

101 305 268 369 duogmdarn:
287 310 370 373 quippe
384 310 429 358 late
447 310 523 358 fusum
542 311 565 357 id
579 326 667 373 corpus.
700 308 765 355 Hinc

99 370 230 435 plerumque
242 376 320 429 tribus,
338 376 445 432 decurias,
462 377 585 424 ministeria
598 374 766 438 magistratibus

99 440 121 481 et
131 439 291 495 saoerdotibtra,
308 441 413 488 cohorter
428 442 496 490 eriam
511 442 535 488 in
543 441 607 488 Urbe
622 440 767 504 conscriptas.

99 498 131 547 Et
139 500 244 564 plurimis
254 504 362 565 equitum,
379 506 490 568 plerisque
504 507 649 563 senatoribus,
666 520 712 552 non
723 503 774 565 ali-b

100 567 158 614 unde
166 569 280 632 originaar
287 571 353 616 trahi.
387 571 412 618 si
423 578 578 634 separarentur
587 571 684 617 libertini
691 588 700 626 ς
717 583 765 616 nra·

99 629 202 679 nifortarn
217 633 268 681 fore
283 635 400 696 penuriam
416 636 574 698 ingenuorum.
605 634 663 682 Non
680 635 766 681 furatra

98 698 201 758 majores,
218 714 271 746 cum
283 700 416 762 dignitatem
432 702 535 747 ordinum
551 699 681 756 dividerent,
697 700 765 746 liber·

94 766 166 821 'tatem
177 764 203 810 in
214 765 332 816 communi
340 766 450 826 posuisse.
483 765 545 819 QuIn
556 773 579 812 et
593 761 765 812 manumittendi

97 825 151 874 duas
168 830 257 891 speeies
268 830 390 885 institutas,
407 837 433 877 ut
449 831 610 890 relinqueretur
625 829 765 892 poenitentia

97 899 136 937 aut
146 909 209 940 noro
219 893 330 942 beneficio
337 894 415 941 locust
433 894 595 955 quosviudiotd
602 902 709 956 patronus
718 904 765 940 non

97 954 233 1014 liberaverit,
249 960 314 1006 velut
324 959 415 1006 vinculo
431 960 546 1006 servitutis
555 961 652 1007 attineri.
683 959 764 1020 Dispi-

96 1030 158 1068 oeret
168 1023 265 1085 quisque
274 1025 361 1079 merita,
378 1023 485 1085 tardeque
496 1026 636 1082 concederet,
653 1021 713 1085 quod
724 1025 763 1070 da·
804 1054 806 1058 -

95 1091 144 1132 tum
155 1103 204 1134 non
215 1089 358 1135 adimeretur.
387 1087 447 1135 Haec
459 1091 571 1136 sententia
581 1091 659 1137 valuit.
688 1088 764 1150 Scrip-

97 1151 172 1211 sitqne
183 1151 264 1200 Caesar
275 1155 370 1207 s'e'rratui,
385 1153 489 1216 privatim
506 1155 658 1216 expenderent
674 1167 763 1200 cursam

95 1215 237 1274 libertorum,
254 1219 342 1280 quoties
352 1222 366 1264 'a
375 1220 474 1280 patronis
486 1227 647 1280 arguerentur:
666 1219 690 1264 in
700 1232 763 1264 com·

96 1296 165 1328 mune
188 1283 245 1328 nihil
263 1284 404 1345 derogarent.
436 1282 489 1330 Nee
509 1285 582 1330 multo
603 1292 655 1346 post
675 1289 764 1343 ereptus

96 1347 173 1394 amitae
183 1347 276 1395 libertos
288 1348 360 1403 Paris,
376 1349 440 1410 quari
450 1349 503 1412 jore
514 1349 590 1403 civili;
606 1364 652 1394 non
668 1349 717 1394 siue
728 1348 763 1392 ih·

95 1409 165 1458 unia
174 1413 288 1476 principis,
305 1414 369 1476 cujas
378 1415 445 1477 jussu
455 1422 607 1477 perpetratum
617 1412 764 1476 ingenuitatis

89 1476 202 1538 judicium
214 1487 269 1526 erat.

128 1539 256 1589 XXVIII.
273 1542 383 1590 Manebat
404 1543 549 1591 nihilomiuus
566 1544 668 1606 quaedam
686 1544 763 1604 imago

95 1606 152 1669 reip.
184 1606 247 1654 Nam
257 1609 317 1654 inter
328 1608 452 1655 Vibullium
464 1617 583 1671 praetorem
600 1617 624 1656 et
639 1608 709 1672 plebei
722 1608 764 1654 tri·

94 1669 182 1719 bunum
193 1673 320 1720 Antistium
332 1680 406 1721 ortum
418 1682 537 1729 certamen,
547 1675 607 1735 quod
617 1674 763 1721 immodestos

95 1735 197 1784 fautores
208 1738 350 1795 histrionum,
366 1747 391 1786 et
404 1755 418 1787 a
433 1746 530 1802 praetore
540 1740 564 1786 in
575 1740 666 1787 vincula
676 1740 763 1793 ductor,

95 1803 200 1850 tribunus
211 1804 285 1850 omitti
291 1805 404 1866 jussisset.
438 1802 619 1868 Comprobardre
629 1812 709 1867 patres,
726 1805 762 1850 ln·

95 1865 175 1914 curati
186 1868 281 1916 Antistii
296 1869 400 1917 lIcentiir
420 1870 486 1918 almul
501 1870 605 1932 prohibiti
622 1871 710 1923 tribuni,
722 1869 763 1930 jus

96 1940 222 1993 praetorum
233 1943 257 1980 et
267 1935 385 1982 consulum
397 1936 523 1998 praeripere,
535 1941 574 1982 aut
584 1950 664 1982 vocare
675 1949 704 1981 ex
716 1931 764 1979 lta·

94 1995 134 2051 lia,
154 2013 206 2044 cum
226 2000 307 2060 quibus
325 2001 377 2063 lege
391 2001 428 2062 agi
442 2007 526 2062 posset.
560 2000 652 2046 Addidit
667 1995 762 2053 LPiso,

96 2061 228 2124 desIgnatus
239 2065 325 2120 consul,
338 2080 367 2111 ne
377 2066 430 2125 quid
440 2066 500 2111 intra
506 2065 597 2110 domum
605 2080 646 2125 pro
653 2069 764 2124 potestate

95 2127 315 2176 animadverterent:
334 2145 393 2177 neve
403 2130 498 2176 multam
514 2131 541 2176 ab
555 2130 583 2175 iis
601 2129 682 2174 dictam
698 2141 761 2186 quae·

95 2199 171 2240 stores
182 2194 255 2240 erarii
266 2194 290 2240 ln
301 2195 399 2255 publicas
407 2195 496 2241 tabulas
505 2203 558 2240 ante
568 2198 663 2254 quatuor
673 2205 762 2238 menses

94 2256 222 2305 referrent:
241 2259 316 2306 medio
327 2261 434 2322 temporis
442 2266 521 2307 contra
531 2259 603 2304 dicere
613 2257 705 2313 liceret3
722 2255 762 2302 de·

95 2337 140 2384 que
151 2338 180 2370 eo
192 2323 296 2371 consules
307 2331 437 2388 statuerent.
470 2322 573 2372 Cohibita
580 2322 663 2369 arctius
674 2327 698 2367 et
708 2320 762 2367 oedi·

95 2388 153 2433 lium
164 2395 272 2449 potestas,
286 2397 444 2452 statutumque,
459 2397 566 2451 quantum
579 2386 673 2440 curules,
690 2400 762 2446 quan·

80 2453 796 2576 uuir

156 2579 238 2637 onium
259 2542 400 2652 Sabinum?
410 2544 495 2646 aerdsfii
520 2539 684 2660 quditod'm,
704 2593 810 2640 santra·

59 2631 256 2708 ΜῬῙὈΡῙῘἏ
267 2662 392 2721 exercuit,
405 2670 547 2733 tamquam
556 2667 604 2734 'pua
611 2659 832 2716 murenas
