1680 3188
81 124 178 203 nemu
241 123 584 176 nuxvnnuunnrun.
698 132 741 194 mr

132 254 181 311 'vit
197 268 250 303 cum
269 257 351 312 sotim,
368 255 467 304 correctis
482 263 606 305 castrorum
623 256 747 322 disciplind,

143 319 193 369 onis
209 319 278 367 ermis
293 323 448 369 auctoritatem
465 323 568 368 restituit.
599 321 686 371 Verum
703 339 745 372 nec

80 383 127 438 sibi,
139 399 183 430 nec
199 385 278 446 pntriae
292 383 340 431 fieri
357 386 410 433 sotis
426 394 493 442 ratus,
509 387 645 448 uigentem,
662 389 745 437 mentis

79 448 203 495 mobilitate
225 454 248 495 et
267 449 406 496 oraculorum
424 451 553 511 ambagibus
574 452 690 508 turbidam,
713 453 745 500 ito

79 518 214 566 contereret,
230 519 256 561 ut
275 528 387 573 nunquam
408 522 534 575 resurgeret
553 515 651 571 audacio,
666 517 743 577 gravi·

79 590 142 625 orem
156 577 210 623 belii
224 577 308 623 molem
322 577 410 624 intulit·
434 576 514 638 Itaque
528 578 608 625 additis
624 580 652 626 ed
668 581 744 643 copias

78 638 164 700 simbus
185 641 317 702 legionibus,
337 650 389 688 octo
408 642 454 698 niis,
471 643 598 690 cohortibus
616 643 700 700 decern,
718 651 743 692 et

79 706 165 767 more
180 704 233 759 filio,
251 712 356 767 spectotae
372 707 461 754 virtutis
474 707 564 768 juvene,
580 708 638 754 inter
654 707 742 770 legatos

79 777 188 829 pssumto,
202 769 311 824 Gatilaeae,
325 770 426 816 locorum
443 769 523 818 unturh
536 783 560 817 et
575 779 622 818 arte
637 773 741 820 munitis·

60 834 149 897 cirnae,
160 835 258 894 primum
274 834 381 881 incubuit.
412 832 546 895 Omissdque
562 830 741 884 clementidRoss
783 857 785 863 ·

78 896 153 954 mund,
170 913 210 944 seu
227 898 287 958 quod
302 897 395 959 Judaeos
413 897 440 945 ed
456 899 560 960 indignos
572 899 688 961 judicaret,
700 915 741 949 sen

78 962 139 1022 quod
153 963 204 1023 ipsi,
221 960 247 1023 ed
261 961 340 1023 spreti,
355 963 378 1008 in
390 963 483 1009 exitium
495 971 590 1019 ruerent,
602 979 641 1010 seu
658 960 748 1026 potius,¹

76 1032 103 1075 ot
112 1026 213 1089 pluribus
229 1027 308 1081 risum,
320 1027 380 1087 quod
389 1028 471 1074 iratum
487 1042 570 1074 numen
580 1029 655 1088 gentis
665 1030 739 1089 exsci-

76 1090 115 1151 dio
125 1091 262 1139 mutanda
272 1091 357 1138 scelera
372 1092 444 1137 ultum
457 1092 507 1147 iret,
518 1093 593 1138 omnia
602 1092 662 1139 ferro
672 1091 738 1151 flam·

77 1153 162 1217 totque
173 1161 268 1203 vuum
292 1153 361 1204 Certe
371 1156 398 1201 ab
410 1155 473 1203 Urbe
484 1152 573 1202 conditi
583 1155 645 1203 nullo
656 1157 679 1203 in
690 1157 738 1214 hei·

74 1218 100 1267 lo
110 1225 199 1270 nobum
210 1219 297 1267 hostilis
308 1219 422 1282 sanguinis
432 1219 507 1266 iusum
518 1226 559 1266 est

109 1282 183 1347 [Nam
199 1289 224 1330 ut
250 1284 331 1330 rimum
346 1283 470 1346 percrebuit
485 1299 561 1343 rumor
574 1276 738 1346 Vespnsisnum

74 1347 206 1409 pdventnre,
225 1299 307 1403 deaei,
329 1348 456 1410 praesidium
478 1347 608 1395 Romanurn
629 1348 738 1411 munioni,

74 1413 213 1476 impositum,
225 1412 319 1475 aggredi
335 1413 390 1467 ensi,
404 1410 495 1474 gemini
510 1412 645 1475 clnde‘quoe
659 1412 737 1471 decem

74 1485 105 1537 et,
115 1484 167 1525 octo
178 1477 378 1533 milliohominum
388 1477 502 1532 absumsit,
513 1478 541 1523 nh
551 1475 653 1533 Antonio
669 1475 746 1534 adeo,

72 1544 91 1590 ti
104 1548 163 1590 sunt.
196 1541 257 1588 Mox
270 1539 428 1603 Vespasianus,
439 1548 465 1587 ut
479 1541 640 1588 contumaciam
655 1540 736 1597 inirin·

71 1614 145 1671 geret,
162 1613 249 1668 ceptam
267 1605 381 1654 Gadaram
393 1607 485 1668 ejusque
499 1606 561 1652 vicos
576 1606 630 1666 igne
646 1604 736 1660 delevit,

71 1671 192 1736 puberibus
211 1671 313 1729 omnihus
335 1670 456 1717 trucidatis.
488 1668 579 1729 Deinde
599 1668 736 1732 Jotspntum,

72 1736 190 1785 nusiellum
201 1734 380 1794 munitissimum,
392 1735 463 1780 cinxit
473 1733 600 1791 obsidione;
617 1748 667 1794 quae
677 1748 734 1794 quo·

72 1803 133 1849 niem
144 1801 246 1847 locorum
257 1799 386 1847 difficultate
396 1806 419 1845 et
430 1799 570 1847 obsessorum
580 1795 701 1861 pertinaeid
711 1799 735 1846 in

71 1867 169 1928 longum
189 1865 318 1921 traheretur,
335 1879 363 1911 ne
383 1863 470 1911 oaeteris
490 1863 588 1911 hostibus
609 1868 736 1910 crescerent

72 1931 147 1986 animi,
167 1927 297 1989 Trajnnurn,
321 1928 413 1976 decimae
435 1927 531 1989 legionis
551 1926 688 1989 praefectum,
711 1931 735 1985 et

72 1993 192 2050 Cerialem,
209 1992 294 2052 quintae
309 1993 428 2047 tribunum,
440 1991 562 2038 indiverso
572 1991 639 2046 misit.
651 1997 676 2036 ut
687 1995 733 2037 ter·

69 2058 145 2107 rorem
154 2056 311 2105 lutefncereut.
344 2055 393 2112 Ille,
405 2057 469 2103 caesis
480 2056 596 2102 hominum
607 2054 733 2115 quindecim

70 2124 176 2181 millibus,
187 2119 261 2182 Japht
273 2121 354 2183 oppido
369 2120 453 2183 potitus
463 2126 510 2167 ert:
530 2119 566 2164 hic
583 2119 739 2176 Samaritano·¹

71 2202 121 2243 rum
139 2186 243 2241 undecim
258 2186 327 2234 millio
343 2187 367 2231 in
381 2193 464 2240 monte,
476 2184 511 2230 cui
523 2197 606 2230 nornen
621 2182 732 2241 Gerizim,

70 2252 191 2316 prpcipuae
207 2250 264 2311 apud
277 2265 315 2297 eos
331 2250 451 2312 religionis,
463 2255 606 2310 congregata,
617 2246 645 2293 cd
661 2261 738 2310 unuin

69 2317 159 2371 occidit.
192 2311 285 2371 Interim
295 2313 422 2376 Jotopotam
434 2314 530 2361 admotae
540 2313 650 2359 mochinae
660 2311 734 2367 acrius

70 2381 213 2443 quatiebant:
232 2379 429 2439 Romanorumque
438 2378 517 2425 animis
525 2375 673 2439 periculorum
681 2374 732 2434 ding

70 2445 179 2499 turnitute
194 2457 221 2489 ac
235 2444 318 2490 recenti
334 2444 396 2490 ducis
411 2443 504 2491 vulnere
520 2440 661 2502 exasperatis,
681 2445 732 2498 tana,

71 2510 122 2559 dem
135 2505 242 2555 Ostendis
254 2505 331 2564 Juiiis,
341 2514 455 2570 praeeunte
464 2505 526 2561 Tito,
543 2509 670 2567 expugnata
680 2509 729 2551 estr

70 2574 93 2621 in
105 2569 133 2625 et
143 2569 289 2632 quodraginta
303 2571 419 2629 hominurn
430 2571 500 2619 millis
511 2570 605 2634 periisse
614 2568 732 2631 constitits
751 2601 754 2605 -

61 2647 160 2694 magnus
170 2647 264 2705 quoque
276 2634 321 2695 init
332 2639 478 2706 captiuorum
488 2651 611 2701 nummus
617 2633 759 2700 quonium

349 2708 353 2713 '
504 2709 555 2756 st
