1680 3188
62 145 155 196 nod?
196 149 386 201 ANNALIUM
398 151 646 204 mevmm.
682 155 724 202 151

70 278 149 346 qrobae
160 282 270 344 juvente,
281 297 354 342 neque
368 282 447 330 famosi
463 283 573 338 carminis,
588 282 640 344 quia
654 288 732 343 protu-

70 347 124 395 lerit
137 346 261 407 ingenium,
273 353 384 392 extorrem
395 348 440 409 ogi.

107 409 193 458 XXX.
212 409 289 470 Atque
305 410 393 457 iuterim
412 411 515 458 Ostorius
534 410 634 464 Suquue
653 409 733 456 Sorani

73 483 197 529 aecusator,
211 472 341 534 ingreditur,
353 475 480 536 orditurque
494 476 522 522 de
536 473 632 521 amicitiit
647 473 733 521 Rubel-

72 540 96 586 Iii
119 538 202 592 Plauti,
224 537 326 597 quodque
342 539 519 600 proconsulatum
541 539 605 584 Asiae
628 537 733 593 Soranus,

73 616 114 665 pro
128 603 236 655 claritate,
254 602 294 646 sibi
311 603 386 662 potius
401 603 600 657 accommodatum,
619 617 685 662 quam
704 615 734 648 ex

73 668 169 714 utilitate
187 666 300 711 communi
316 667 405 728 egisset,
422 667 501 713 aiendo
520 665 639 712 seditiones
655 667 734 711 civito·

74 738 129 778 tum.
162 729 249 776 Vetere
263 729 325 776 haec:
345 731 384 777 sed
399 745 485 786 recens,
503 738 525 776 et
542 730 601 790 quod
614 729 733 775 discrimini

74 795 143 856 petris
158 792 229 839 filtam
242 794 392 848 connectebat,
405 794 464 854 quod
478 795 593 856 pecunIanr
606 793 684 855 Magn
700 793 734 838 di·

74 859 156 920 i‘urgita
171 865 237 905 esset
270 857 389 904 Acciderat
405 873 458 904 sene
475 859 558 919 pietate
575 857 688 903 Serviliae:
712 857 735 904 id

75 924 136 969 enim
156 936 238 968 nomen
258 921 339 981 puellae
354 922 411 968 fuit:
437 937 494 982 quse,
514 923 605 968 caritate
621 937 675 982 ergo
693 936 733 982 pn·

55 992 59 996 '
75 992 171 1039 rentem,
188 985 255 1031 simui
268 985 415 1046 imprudentii
430 987 508 1039 aetatis,
523 1001 568 1031 non
585 993 659 1030 tamen
676 985 735 1031 uliud

76 1049 248 1102 consultaverat,
266 1065 332 1110 quom
351 1050 379 1096 de
393 1050 544 1096 incolumitate
561 1048 646 1102 domis,
666 1057 688 1095 et
706 1063 735 1096 an

75 1114 190 1176 placabilis
215 1112 285 1167 Nero,
310 1130 338 1160 en
362 1115 460 1176 cognitio
483 1113 572 1161 sencttis
595 1113 650 1158 nihii
671 1120 736 1160 atrox

76 1177 173 1224 afferret.
206 1175 280 1238 Igitur
295 1178 365 1224 accito
375 1186 410 1224 est
424 1179 447 1224 in
463 1185 571 1231 senatum,
583 1183 735 1237 steteruntque

77 1242 160 1288 diversi
171 1249 224 1288 onte
234 1242 329 1288 tribunal
345 1241 469 1298 consulum,
481 1241 570 1316 grandis
582 1255 630 1286 aevo
641 1255 736 1300 parens·
727 1275 736 1298 ,

78 1314 159 1353 contra
174 1304 226 1359 iiiia,
244 1307 303 1351 intra
320 1307 450 1353 vicesimum
470 1306 541 1352 aetetIs
559 1319 648 1358 annum,
666 1319 737 1364 nuper

77 1371 166 1422 marito,
184 1370 261 1416 Annio
277 1355 407 1424 Poilione'
402 1386 424 1416 ιιι
442 1370 543 1417 exsiiium
561 1368 631 1430 pulso,
648 1368 738 1414 viduatu

78 1434 236 1493 desolataque.
263 1449 288 1479 ac
305 1449 334 1480 ne
352 1442 436 1496 petrem
456 1434 544 1495 quidem
561 1434 656 1486 intuens,
674 1432 737 1493 cujus

77 1497 185 1545 onertsse
196 1498 291 1558 pericula
302 1499 423 1545 videbatur

54 1558 58 1562 ’
111 1559 211 1607 XXXI.
226 1560 286 1607 Tum
301 1563 453 1623 interrogante
469 1568 603 1616 accusatore,
618 1577 646 1608 an
664 1561 737 1608 cuitus

79 1626 172 1679 dotales,
184 1640 212 1671 nn
224 1626 346 1672 detractum
358 1627 437 1672 cervici
431 1627 530 1673 'monile
540 1640 623 1672 venum
634 1626 737 1679 dedisset,

78 1706 125 1752 quo
136 1690 252 1751 pecuniam
268 1689 373 1737 faciendis
389 1691 483 1751 magicis
498 1691 566 1737 sacris
580 1689 737 1736 contraheret?

77 1755 177 1816 primum
189 1761 256 1800 stratu
270 1755 336 1808 humi,
348 1756 461 1816 longoque
470 1753 524 1800 fletu
536 1760 558 1800 et
573 1754 666 1808 silentio,
678 1760 738 1817 post,

78 1818 158 1864 nitaris
168 1823 191 1864 et
202 1833 262 1864 arem
273 1819 396 1879 complexa,
408 1825 422 1847 ‘¹
429 1817 535 1872 Nullos‚”
547 1819 625 1877 inquit,
637 1817 739 1879 “impios

80 1882 143 1938 deos,
160 1881 232 1928 uuilns
249 1882 383 1936 devotiones,
400 1898 441 1929 nec
455 1883 513 1930 uliud
528 1880 651 1928 infelicibus
666 1881 739 1943 preci-

78 1947 148 1992 bus'
141 1947 250 2000 invocavi,
268 1961 335 2006 quern
357 1956 382 1993 ut
400 1948 459 1993 hunc
478 1947 585 2007 optimum
604 1952 688 2006 putrem
706 1953 739 2000 tu,

82 2007 170 2066 caesar,
190 2017 213 2056 et
228 2025 275 2064 vos,
294 2017 374 2072 patres,
394 2013 510 2058 servaretis
527 2009 667 2056 incolumem.
701 2007 739 2055 Sic

81 2089 184 2136 gemmas
200 2081 224 2120 et
238 2082 312 2121 vestes
330 2081 352 2122 et
368 2075 503 2136 dignitatis'
497 2071 594 2134 rnsignia
609 2072 665 2127 dedi,
681 2087 739 2131 quo·

80 2138 185 2193 modo,'
168 2153 187 2184 u
195 2139 326 2200 sanguinem
337 2145 360 2185 et
370 2140 438 2186 vitem
449 2138 609 2212 poposcissent.
635 2134 739 2182 Viderint

79 2202 125 2256 isti,
140 2203 233 2248 antehac
245 2204 315 2249 mibi'
309 2204 388 2264 lgnoti
399 2218 443 2264 quo
454 2201 543 2248 nomine
554 2201 605 2254 sim,
616 2214 671 2275 qnae
681 2205 740 2247 artes

81 2273 215 2312 exerceant.
240 2266 301 2312 nulla
317 2268 370 2313 mihi
388 2267 493 2328 principis
510 2264 600 2318 mentio,
620 2264 663 2309 nisi
681 2264 741 2310 inter

82 2330 182 2384 numina,
192 2330 242 2376 tuit.
265 2330 346 2377 Nescit
356 2336 431 2378 tamen
438 2330 574 2378 miserrimus
584 2334 660 2391 puter:
679 2333 709 2382 et,
720 2326 741 2374 si

82 2395 167 2440 crimen
178 2401 219 2447 est,
231 2394 278 2441 sola
289 2393 394 2456 deliquiss’
774 2440 776 2446 ,

116 2456 230 2505 XXXII.
247 2457 371 2518 Loquentis
382 2460 453 2507 adhuc
464 2459 531 2506 verba
541 2456 624 2533 excipit
635 2455 741 2512 Somnus,

82 2522 262 2582 proclametque:
281 2521 336 2569 Non
347 2523 423 2570 iilam
417 2540 440 2570 ιι]
455 2522 590 2585 provinciam
601 2536 676 2568 secum
687 2536 740 2583 pro·

76 2584 167 2637 fectum,
179 2601 225 2632 uon
237 2585 319 2634 Picuto
334 2603 375 2651 per
387 2590 478 2637 aetatem
493 2586 683 2652 nosciqotxirssez
697 2600 750 2631 noo

69 2646 203 2696 contortus
212 2651 290 2701 meriti
305 2659 454 2708 connexumt
473 2657 556 2708 nitore
564 2660 663 2706 uotum
672 2646 769 2716 imm
