1680 3188
238 114 435 164 GERMANIA.
455 113 515 165 Cas.
526 119 565 163 22
688 115 739 164 195

67 249 128 298 sunt,
139 245 257 306 proximus
271 248 354 308 gradus
365 248 387 292 in
403 246 546 308 possessione
556 245 643 302 iratres,
654 245 738 307 patrui,

67 310 182 356 avunculi.
217 311 308 364 Quanto
327 312 377 374 plus
399 312 582 372 propinquorum,
602 327 646 372 quo
665 311 738 373 major

67 373 168 421 affinium
180 391 293 432 numerus,
306 384 368 423 tauto
379 377 499 439 gratiosior
515 383 625 433 senectus,
637 391 679 423 nec
692 374 738 422 ulls

67 439 170 486 orbitatis
181 442 258 502 pretia.

102 503 177 551 XXI.
194 507 312 568 Suscipere
331 513 377 553 tarn
396 506 529 562 iuimicitias,
549 521 589 553 seu
607 506 676 567 patris
696 519 737 553 seu

68 571 195 631 propinqui,
210 586 276 631 quam
294 573 409 627 amicitias,
424 587 516 618 necesse
531 579 578 618 est:
598 585 640 616 nec
658 569 739 630 implu-

69 635 152 681 sabiles
162 636 259 682 durant:
279 637 347 683 luitur
358 638 420 683 enisu
434 637 501 683 etiam
516 635 659 683 homicidium
674 642 740 681 certo

69 707 223 746 armentorum
239 715 266 747 ac
281 717 387 762 pecorum
405 716 512 758 numero;
533 701 655 762 recipitque
671 699 738 747 satis·

67 761 190 811 factionem
214 767 318 812 universa
339 769 433 812 domus:
459 767 543 813 utiliter
564 766 588 812 iu
609 765 738 826 publicum

68 829 121 889 quia
137 830 308 890 periculosiores
319 840 373 877 sunt
388 831 511 879 iuimicitiae
522 833 588 894 juxta
604 829 736 877 libertatem.

69 891 219 941 Convictibus
231 903 254 941 ct
267 897 370 958 hospitiis
381 911 427 942 nou
440 896 483 942 alia
492 911 549 958 gcns
560 894 651 943 effusius
662 893 738 940 indul·

68 964 116 1020 get.
151 959 325 1021 Quemcumque
345 962 567 1008 mortalium.arcere
584 967 651 1013 tecto,
674 957 739 1005 nelos

68 1023 176 1070 babetur:
195 1040 236 1087 pro
246 1025 337 1073 fortuni
351 1027 446 1086 quisque
460 1026 571 1088 apparatis
586 1024 657 1086 epulis
674 1023 737 1069 exci-

67 1089 109 1149 pit.
143 1087 205 1136 Cum
222 1089 331 1147 defecere,
343 1093 382 1151 qui
396 1091 463 1138 modo
477 1092 559 1153 hospes
574 1088 653 1143 luerat,
669 1101 737 1135 mon-

69 1161 152 1200 strator
163 1155 254 1217 hospitii
265 1164 287 1202 et
299 1172 382 1211 comes,
397 1157 523 1218 proximam
540 1155 689 1204 domumnon
700 1153 737 1203 in·

68 1218 133 1265 vitari
151 1219 248 1266 adeunt:
268 1237 311 1268 nec
330 1222 437 1268 interest:
456 1221 503 1282 pari
521 1220 660 1266 humanitate
676 1217 737 1265 acci·

67 1284 169 1345 piuutur.
201 1284 288 1333 Notum
306 1289 462 1348 ignotumque,
473 1295 581 1346 quantum
593 1283 621 1330 ad
633 1284 671 1345 jus
681 1283 737 1329 hos·

67 1348 127 1410 pitii,
144 1364 212 1397 nemo
229 1351 342 1398 discernit.
374 1351 480 1404 Abeunti
496 1352 515 1395 sl
531 1349 585 1410 quid
601 1346 738 1410 poposcerit,

68 1415 194 1461 concedere
207 1417 291 1473 moris;
309 1424 332 1464 et
342 1419 448 1478 poscendi
465 1417 561 1462 invicem
573 1414 651 1461 eadem
666 1410 739 1459 sacili·

68 1485 113 1525 tas.
146 1480 254 1527 Gaudent
270 1483 413 1528 muneribus:
438 1481 477 1528 sed
493 1494 534 1527 uec
554 1479 605 1525 data
620 1479 741 1539 imputant,

67 1557 113 1590 nec
123 1559 177 1591 acce
193 1546 222 1592 tis
232 1546 367 1608 obligantur.

98 1561 192 1656 ,xxll
213 1609 294 1658 Victus
316 1612 374 1658 inter
395 1611 496 1672 hospites
514 1607 592 1656 comis.
624 1607 705 1655 Statim
724 1620 740 1654 s

68 1687 158 1729 nnana
175 1691 242 1737 quem
255 1676 386 1737 plerumque
403 1677 426 1722 in
442 1677 501 1722 diem
518 1673 644 1728 extrahunt,
659 1673 739 1719 lavan-

68 1744 115 1794 tur,
135 1741 218 1802 saepius
240 1741 318 1796 calidi,
337 1749 362 1787 ut
380 1740 439 1803 apud
456 1756 512 1800 quos
530 1739 650 1800 plurimum
667 1737 740 1785 hiems

68 1814 174 1865 occupat·
205 1804 273 1852 Lauti
293 1807 367 1852 cibum
386 1807 490 1868 capiunt:
517 1814 628 1866 separatae
644 1801 742 1863 singulis

68 1869 142 1923 sodes,
159 1877 182 1916 et
200 1885 240 1916 sua
257 1871 338 1931 cuique
355 1886 447 1918 mensa:
466 1878 515 1917 tum
535 1869 562 1916 ad
579 1868 677 1929 negotia,
695 1880 739 1917 nes

67 1934 145 1981 mium
161 1949 222 1996 saepe
238 1935 266 1981 ad
283 1937 393 1989 convicia,
409 1936 533 1998 procedunt
548 1933 635 1980 armati.
667 1930 739 1978 Diem

68 2007 206 2059 noctemque
216 2003 348 2047 continuare
358 2002 464 2062 potando,
476 2000 532 2046 nulli
542 1998 656 2060 probrum.
681 1994 739 2044 Cra·

67 2064 123 2117 bue,
135 2072 160 2110 ut
171 2065 230 2111 inter
244 2066 378 2119 vinolentos,
391 2068 454 2119 risse,
469 2080 519 2111 raro
530 2063 645 2114 conviciis,
658 2060 742 2122 saepius

67 2128 134 2175 caede
143 2137 167 2175 et
181 2130 311 2177 vulneribus
318 2132 486 2192 transiguntur.
518 2128 563 2175 Sed
580 2127 642 2174 etde
658 2141 740 2173 roccus

67 2193 171 2241 ciliaudis
182 2194 279 2242 invicem
296 2197 400 2250 inimicis,
415 2204 439 2241 et
448 2192 572 2258 jungendis
588 2191 741 2246 affinitatibus,

68 2264 93 2305 et
103 2259 255 2307 adsciscendis
265 2262 407 2323 principibus,
419 2260 448 2307 de
462 2274 516 2321 pace
527 2259 663 2318 denique.ac
674 2254 741 2310 bello.

69 2323 204 2385 plerumque
219 2325 243 2370 ia
261 2327 371 2373 conviviis
388 2326 532 2380 consultant;
549 2331 663 2383 nmquam
678 2319 743 2367 nullo

70 2389 145 2450 magis
163 2399 264 2450 tempore
275 2398 314 2437 aut
330 2392 358 2437 ad
374 2391 487 2452 simplices
501 2389 651 2450 cogitationes
667 2391 744 2447 pateat

71 2453 167 2507 suimus,
179 2454 258 2500 autad
269 2456 506 2518 magnasincnlescat.
541 2453 605 2499 Gens
620 2466 665 2497 non
681 2457 744 2497 snu-

71 2523 102 2572 ts,
114 2533 158 2565 uec
172 2518 259 2591 caludo,
271 2521 343 2581 aperit
356 2520 430 2566 adbuc
442 2525 528 2566 secreta
542 2517 640 2579 pectoris
653 2513 747 2563 hceutit

61 2582 123 2642 joci·
136 2618 140 2623 -
153 2582 335 2647 Jlrgslsdetecta⁴
341 2592 364 2631 et
381 2585 442 2632 auda
456 2585 560 2632 omniurn
573 2596 643 2629 meaa
655 2576 753 2642 moesi

61 2643 101 2691 dle
109 2650 257 2708 malr,
267 2656 294 2699 et
304 2651 372 2702 salva
388 2653 514 2717 utriusqus
523 2647 643 2716 temporis
653 2645 719 2694 roas
727 2645 778 2689 us,

796 2744 811 2870 l
