1680 3188
112 119 156 161 13⁶2
189 111 380 162 ANNALlUlll
393 110 508 156 tnnxv.
521 109 625 159 cinei.
653 111 683 150 U·
692 113 716 152 C.
725 112 771 160 819.

110 243 172 299 neci,
191 243 342 295 destinavisse,
363 249 394 294 ut,
412 249 463 303 post
479 241 578 286 occisum
596 239 664 302 operti
680 239 773 288 Pisonis

110 310 233 362 Neronem,
254 307 308 352 Piso
319 321 408 366 quoque
422 305 591 359 interficeretur,
602 306 773 367 tradereturque

110 374 228 435 imperium
240 372 339 426 Seneca
359 372 423 432 qussi
440 371 566 417 insontibus
582 369 773 417 cluritudinevlu

111 448 186 485 tutum
197 438 226 484 ed
236 451 349 484 summum
359 435 475 498 fastigium
485 435 579 481 delecto.
611 432 677 488 Qun
686 444 711 480 et
721 449 773 481 vert·

110 504 140 551 bs
151 502 224 550 Flavii
234 501 396 563 vulgabantur:
418 499 472 546 Non
484 499 567 546 referre
578 498 690 554 dedecori,
709 499 730 545 si
740 500 774 546 ci·

112 568 227 614 tharcedus
238 568 400 619 demoveretur,
409 575 432 610 et
440 565 556 626 trngoedus
562 563 705 610 succederetr
714 563 774 624 quis,

113 642 139 681 ut
150 631 213 678 Nero
224 629 314 685 cithari,
326 631 358 676 ita
366 629 419 676 Piso
430 630 517 690 tragico
527 643 608 675 οιιιιιιι
618 629 720 676 canebat.

146 694 239 744 LXVI.
252 693 366 744 Ceterum
375 695 476 740 militaris
486 709 575 754 quoque
585 692 721 754 conspiratio
729 706 776 740 non

114 761 270 814 ultrosefellit,
286 761 385 806 accensis
401 759 509 805 indicibus
527 759 555 804 ad
571 757 711 820 prodendum
729 755 774 805 1³0-

115 828 177 873 nium
194 826 288 879 Rufum,
305 839 370 884 quem
382 824 485 870 eumdem
497 824 611 869 conscium
623 830 647 868 et
657 822 774 882 inqmstto·

115 907 163 938 rem
175 906 220 937 non
231 890 361 936 tolerabant.
393 888 458 950 Ergo
469 889 560 934 instanti
571 887 728 962 minitantique
738 900 775 933 re·

116 957 195 1002 uidens
218 955 333 1008 Scevinus,
353 955 472 1006 neminem,
489 953 526 1006 ait,
546 953 609 1014 plura
625 954 689 1005 scire,
709 965 775 1013 qutun

115 1021 196 1096 ipsum.
230 1018 386 1079 Hortaturque
397 1019 462 1070 ultro,
474 1018 632 1064 redderettsm
643 1017 775 1093 bonoptin·

117 1085 160 1146 cipi
172 1086 250 1131 vicem
283 1083 337 1130 Non
355 1099 400 1130 vox
417 1083 535 1131 adversum
554 1097 581 1128 es
592 1080 671 1136 Penio,
688 1096 734 1128 nou
745 1082 776 1127 si·

115 1150 223 1196 lentium:
244 1149 283 1195 sed
295 1149 409 1195 verbosus
419 1148 558 1223 praepediens
569 1153 592 1192 et
603 1147 694 1207 pecoris
704 1146 776 1197 runni-

116 1214 195 1268 festus,
217 1214 355 1274 eaeterisque,
377 1229 403 1259 ac
422 1214 520 1259 mssime
547 1210 656 1259 Cervario
678 1209 777 1258 Proculo

117 1280 198 1340 equite,
211 1278 238 1325 nd
249 1279 427 1325 convincendum
440 1293 492 1323 eum
506 1277 611 1328 connisis,
626 1277 694 1338 jussu
707 1276 779 1337 impe·

117 1345 197 1390 tatoris
208 1359 221 1389 a
233 1341 313 1391 Cassio
324 1343 401 1396 milite,
412 1358 451 1402 qur
444 1342 511 1388 ''ob
506 1342 595 1403 insigne
602 1341 703 1402 corporis
711 1341 779 1387 robur

118 1409 233 1460 adstabat,
230 1408 354 1468 corripitur
365 1408 510 1467 vinciturque

151 1471 259 1519 vall.
277 1472 337 1518 Mox
348 1473 476 1518 eorumdem
487 1471 570 1517 indicio
581 1471 675 1518 Subrius
686 1468 781 1517 Flavius

118 1538 220 1584 tribunus
237 1538 377 1598 pervertitur,
394 1537 466 1597 primo
477 1535 679 1582 dissimilitudinem
690 1549 779 1582 morum

120 1602 150 1649 sd
164 1601 317 1649 defensionem
328 1602 424 1655 trahens,
439 1615 512 1661 neque
523 1616 547 1647 se
558 1611 669 1647 armatum
680 1615 733 1646 ciun
744 1603 792 1647 in·-

48 1674 51 1678 ’
120 1666 218 1712 ermibus
236 1674 259 1713 et
278 1665 411 1713 effeminatis
429 1672 517 1712 tuntum
535 1665 623 1711 facinus
638 1667 781 1713 consocietu-

120 1745 185 1776 rum:
206 1731 263 1784 dein,
283 1742 400 1792 postquam
419 1731 545 1792 urgebatur,
563 1729 711 1777 confessionis
729 1730 781 1793 glo·

121 1795 176 1841 rium
196 1796 318 1856 amplexus,
336 1797 529 1856 interrogatusque
548 1810 562 1841 a
581 1793 681 1851 Nerone,
702 1796 782 1856 quibem

121 1860 194 1906 musis
205 1860 233 1906 ed
243 1860 377 1906 oblivionem
388 1861 520 1906 sacramenti
529 1860 684 1921 processisset:
699 1859 782 1907 “Ode-

122 1939 169 1970 ram
182 1923 229 1978 te,''
246 1925 331 1984 inquit:
351 1932 365 1953 ‘⁶
375 1940 416 1970 nec
435 1926 551 1986 quisquam
571 1924 609 1971 tibi
629 1924 715 1972 fidelior
725 1927 784 1974 mili·

72 2019 73 2022 =
123 1998 171 2035 tum
182 1988 231 2043 luit
247 1989 299 2035 dum
311 1990 380 2035 amari
396 1991 503 2036 meruisti.
536 1989 618 2037 Odisse
635 1988 700 2052 coepi.
720 2000 784 2051 post·

123 2069 189 2115 quam
200 2054 308 2116 parricida
318 2055 395 2101 matris
403 2063 427 2100 et
437 2056 521 2108 uxoris,
530 2063 553 2101 et
563 2055 648 2116 surige,
663 2061 687 2101 ct
698 2055 784 2114 histrio,

123 2127 146 2165 et
163 2120 317 2173 incendiarius,
336 2117 464 2166 exstitisti.‘’
499 2118 552 2182 Ipsa
563 2119 628 2166 retuli
642 2120 717 2175 verbs,
733 2123 785 2182 qo'n

123 2199 178 2240 non,
196 2191 220 2229 ut
240 2183 340 2238 Senecae,
360 2185 453 2246 vulgato
471 2194 547 2232 erant:
567 2199 610 2231 nec
628 2185 704 2232 minus
721 2187 786 2237 nosci

124 2248 216 2295 decebat
233 2249 335 2295 militaris
356 2250 398 2295 viri
417 2265 496 2296 sensus
518 2251 629 2296 incomtos
648 2256 672 2298 et
690 2252 784 2301 validos

123 2312 189 2358 Nihil
207 2313 230 2358 in
249 2312 289 2358 illis
307 2315 461 2374 conjuratione
477 2315 569 2376 gravius
585 2316 675 2362 turibus
686 2314 787 2366 Neronis

123 2379 230 2424 accidisse
247 2379 354 2432 constitit,
371 2381 415 2439 qui,
428 2387 452 2425 ut
462 2379 568 2426 faciendis
579 2380 698 2426 sceleribus
708 2395 786 2443 prom-

124 2443 680 2503 tus,1tanud1end1quaefeceretmsolenseret.
714 2445 788 2496 Poens

126 2505 199 2552 Flavii
212 2505 300 2552 Veinno
309 2506 384 2577 Nigro
395 2509 483 2555 tribuno
492 2511 615 2557 mandetur.
649 2508 673 2555 ls
684 2512 789 2571 proximo

114 2571 148 2617 .in
159 2586 216 2633 ngro
226 2572 329 2620 scrobem
338 2569 426 2620 effodi
419 2576 493 2635 possit,
509 2589 577 2634 quum
592 2573 693 2626 Fluvios„
708 2583 735 2621 ut
745 2577 788 2622 bu·

60 2635 196 2728 uilem
207 2645 232 2687 et
243 2640 383 2705 angustem'
378 2654 509 2702 increpitus,
520 2636 803 2685 cncumstsnunusmntu-
