1664 2910
48 116 151 162 'to-u·
180 112 375 169 ANNALIUM
391 114 444 163 Lrn
454 114 515 165 XII.
527 113 632 167 cuntis.
688 121 721 166 29

54 249 119 295 brem
129 244 208 303 fuisse,
224 245 317 295 nomino
335 247 475 309 singulorum
487 247 593 302 reserenn
610 255 633 295 et
644 248 725 309 quibus

54 313 151 375 quisque
173 313 278 361 aetatibus
303 313 436 375 viguissent.
481 312 545 368 Quin
567 315 634 360 etium
657 313 723 372 dixit,

55 377 111 425 Xen
158 384 244 433 entem
263 379 328 441 cujus
344 376 438 425 soientid
451 379 504 443 ipse
520 385 628 432 uteretur,
644 376 723 425 eidem

54 442 127 491 finiti
152 450 243 489 ortum:
261 443 409 505 precibusque
427 445 475 507 ejus
494 443 599 499 dandum,
617 450 642 490 ut
661 445 724 490 omni

54 508 140 555 tributo
153 508 219 555 vacui
229 507 253 555 in
262 514 378 570 pontemm
391 506 434 557 Coi
449 524 534 556 sacram
549 515 573 554 et
583 515 672 555 tuntum
687 509 724 556 dei

55 572 184 620 ministram
201 573 297 621 insulem
315 573 422 621 colerent.
454 573 537 635 Neque
553 574 644 620 dubium
654 574 723 620 hebe-

24 674 28 683 .
54 645 99 691 tur,
110 637 185 685 mults
193 638 324 685 eorumdem
335 640 358 684 in
368 654 421 700 pop.
431 638 502 685 Rom.
509 639 597 692 merita,
608 638 723 699 sociasque

55 702 165 751 victorias
174 704 275 764 potuisse
285 703 350 750 tradi.
382 703 427 751 Sed
444 702 552 752 Claudius
567 702 674 750 facilitate
685 718 723 750 so·

54 765 103 823 titt,
119 768 183 828 quod
199 768 238 815 uni
253 776 401 824 concesserat,
419 768 487 815 nullis
501 769 642 816 extrinsecus
660 768 724 832 adju·

55 832 140 887 mentis
150 832 243 879 velerit.

88 895 177 945 LXII.
193 901 228 945 At
236 896 353 959 Byzantii,
365 895 417 944 datd
424 897 512 944 dicendi
520 894 590 960 copid,
597 912 648 945 cum
657 912 724 960 meg·

56 962 185 1011 nitudinem
211 978 306 1011 onerum
332 963 391 1026 opud
417 971 520 1009 senatum
544 963 724 1025 deprecarentur,

56 1034 140 1075 ennete
150 1024 287 1091 repeuven
304 1029 349 1075 orei
357 1025 469 1082 efoedera,
481 1029 542 1089 quod
552 1028 668 1075 nobiscum
679 1028 724 1075 ice-

56 1100 115 1149 snnt,
123 1089 170 1155 qud
179 1098 313 1156 tempestate
322 1092 454 1140 bellavimus
465 1092 572 1140 adversm
582 1108 659 1155 regem
666 1092 722 1140 Ma·

57 1158 178 1213 monum,
190 1158 233 1214 cui,
244 1164 270 1205 ut
276 1157 388 1220 degeneri,
401 1156 583 1220 Pseudophilippi
590 1157 725 1204 vocabulum

56 1222 197 1285 impositum.
229 1222 315 1271 Missss
331 1224 425 1285 poetbnc
443 1223 519 1284 copias
537 1222 561 1269 in
577 1221 725 1278 Antiochum,

59 1286 154 1345 Persen,
169 1287 333 1344 Aristonicum,
350 1296 373 1335 et
388 1287 481 1351 piratico
491 1287 549 1334 bello
561 1287 661 1350 adjutum
672 1286 725 1334 An·

57 1353 155 1409 tortium,
170 1354 339 1401 memorabant:
358 1368 453 1414 quaeque
475 1352 546 1399 Sullae
567 1359 606 1400 eut
628 1351 726 1399 Lucullo

59 1426 99 1467 rut
114 1416 227 1480 Pompeio
240 1418 387 1466 obtulissent:
406 1433 461 1466 mox
477 1418 576 1465 recentia
585 1418 609 1465 in
621 1415 727 1466 cesares

58 1483 154 1541 moritu
170 1482 261 1543 quando
271 1498 298 1531 ea
307 1484 358 1531 loca
364 1484 493 1538 insiderent,
505 1496 556 1545 quae
567 1482 726 1530 transmeanti-

57 1548 100 1597 bus
110 1544 173 1595 terri
181 1549 282 1610 marique
296 1549 390 1597 ducibus
404 1549 590 1610 exercitibusque,
604 1547 671 1602 simul
684 1562 726 1596 ve·

57 1612 135 1661 bondo
145 1615 282 1661 commeatui
292 1620 418 1676 opportuna
425 1613 507 1662 forent.

90 1676 191 1727 Lxllt
202 1678 309 1741 Namque
316 1681 440 1727 arctissimo
447 1680 507 1726 inter
512 1677 628 1742 Europum
634 1677 726 1725 Asiam·

58 1746 105 1805 qite
114 1742 219 1798 divortio,
230 1743 371 1807 Byzantium
381 1746 405 1793 in
417 1743 517 1793 extremi
527 1741 620 1807 Europi
629 1740 727 1806 manbre

59 1808 146 1865 creet
166 1809 252 1869 quilius,
275 1808 384 1872 Pythium
401 1810 532 1872 Apollinem
551 1808 727 1864 consulentibus,

58 1874 97 1921 utri
106 1872 232 1921 conderent
239 1874 333 1921 urbem?
350 1875 461 1922 redditum
469 1874 584 1922 orandum
595 1880 638 1929 est,
653 1872 726 1927 Quin·

59 1939 225 1987 ruentsedem
236 1954 348 1987 caecorum
359 1940 425 1987 terris
435 1940 559 1987 adversum.
583 1937 622 1985 Et
631 1938 727 1998 ambage

61 2000 210 2053 monn
228 2006 416 2060 monstrabantur,
431 2005 497 2065 quod,
513 2005 600 2066 priores
614 2003 668 2050 illuc
685 2002 726 2050 ad·

59 2069 131 2126 vasi,
151 2066 251 2131 prante
270 2069 371 2117 locorum
388 2070 492 2124 utilitate,
513 2070 591 2132 pejoru
608 2068 725 2131 legissent.

60 2132 155 2197 Quippe
175 2132 316 2195 Byzantium
337 2133 406 2181 fertili
425 2135 474 2182 solo
492 2133 633 2195 fecundoque
653 2132 726 2189 mnri3

59 2198 113 2260 quis
123 2198 160 2247 ris
169 2198 264 2260 piscium
275 2201 399 2254 innumera,
419 2198 495 2247 Ponto
506 2212 634 2260 erumpens,
651 2203 675 2243 et
685 2197 726 2244 ob·

59 2264 129 2325 liquis
147 2264 223 2313 aubter
242 2265 312 2311 undns
331 2265 391 2312 suxis
408 2265 522 2319 exterrito,
537 2263 620 2312 omisso
634 2261 727 2315 alteriue

58 2328 135 2375 litoris
153 2327 222 2384 flexu,
237 2331 279 2377 hos
293 2330 321 2376 ad
336 2337 414 2391 portus
429 2328 535 2377 defertur.
568 2326 637 2375 Unde
653 2327 726 2389 primo

59 2393 187 2455 quaestuooi
200 2401 224 2441 et
241 2395 357 2457 opulenti3
381 2401 438 2457 poet,
458 2392 614 2457 magnitudine
632 2407 727 2439 onerum

58 2465 165 2521 urgente,
180 2458 250 2507 finem
265 2467 304 2507 aut
319 2461 411 2507 modurn
422 2461 524 2517 orabunt,
538 2459 654 2506 annitente
663 2458 729 2519 prin·

57 2524 117 2585 cipe,
131 2523 171 2585 qui
181 2522 280 2572 Thracio
293 2524 474 2591 Bosporanoque
483 2525 549 2576 bello
561 2540 649 2576 recena
655 2522 749 2573 teus,

52 2588 212 2699 pplmdospne
220 2590 304 2643 retulit.
325 2590 363 2646 Ita
374 2595 464 2648 tributa
472 2596 500 2647 in
510 2591 764 2662 quinquennium*

84 2666 128 2701 Ην
767 2680 784 2723 p:

547 2750 571 2774 u
585 2738 604 2774 tt
