1680 3188
87 406 120 451 ⁶2
167 403 507 456 ANNALIUMIaxIIL
517 402 621 489 Cam.
636 407 699 448 [hc.
707 408 755 450 ⁸121

88 541 179 584 aetatem
189 552 229 598 per
238 538 308 594 lacus,
319 535 440 584 admovere
450 537 519 599 ripae3
537 551 649 599 agrosque
659 550 751 592 vacuos,
784 581 786 584 .

2 639 3 642 ,
87 607 111 647 et
121 600 217 648 militurn
228 603 278 650 noui
295 604 410 664 sepositos,
430 599 539 656 inseddre,
556 609 647 649 auctore
658 600 752 648 Verrito

88 672 111 712 et
122 665 244 730 Malorige,
256 669 293 729 qui
305 668 418 715 nationem
427 682 476 713 eam
485 668 598 728 regebant,
611 668 751 727 inquantum

87 730 197 778 Germani
209 740 338 795 regnantur.
358 732 454 793 Jamque
464 731 561 778 fixeram
571 733 657 786 domos,
665 732 753 778 semina

86 797 146 841 arvis
163 797 291 852 intulerant,
306 807 376 859 utque
396 799 493 859 patrium
512 797 585 842 solum
600 798 751 852 exercebant;

87 875 139 905 cum
151 860 241 909 Dubius
250 864 340 918 Avitus,
352 859 462 924 acceptia
470 861 566 908 Paulino
576 860 699 923 provincii,
708 862 752 907 mi-

62 948 67 957 ·
87 925 179 972 uitando
188 929 234 974 viru
243 928 378 983 Romanam,
386 928 428 974 nisi
435 927 579 974 abscederent
586 925 653 972 Frisii
662 934 751 972 veteres

86 989 110 1036 iu
126 991 195 1046 locon,
212 1001 250 1039 aut
269 1009 351 1040 novam
370 992 445 1040 sedern
463 1007 476 1038 e
494 990 585 1038 Caesare
599 992 752 1053 impetrarent,

85 1057 181 1117 perpulit
198 1057 314 1105 Verritum
331 1064 355 1104 et
373 1057 510 1118 Malorigen,
530 1072 608 1118 preces
628 1057 749 1117 suscipere.

86 1117 230 1181 Proiectique
242 1123 347 1176 Romam,
359 1123 412 1168 dum
421 1121 470 1168 aliis
480 1121 539 1167 curis
551 1122 661 1183 intentum
674 1119 751 1168 Nero·

85 1199 137 1230 nem
149 1188 301 1248 opperiuntur,
313 1189 371 1234 iuter
383 1202 415 1242 eu,
428 1202 479 1248 quae
489 1185 587 1233 barbaris
599 1192 751 1241 ostentantur,

84 1249 197 1297 intravere
208 1251 310 1314 Pompeii
321 1253 439 1306 theatrum,
455 1266 500 1313 quo
515 1251 693 1312 magnitudinem
708 1265 750 1312 po·

85 1314 132 1375 pull
143 1315 248 1362 viserent.
280 1316 336 1374 illic,
354 1333 394 1378 per
409 1318 480 1363 otium
493 1317 578 1379 (neque
588 1316 648 1362 enim
658 1315 751 1361 ludicris

85 1379 159 1439 ignari
171 1379 355 1440 oblectabantur)
365 1383 417 1441 dqm
435 1396 565 1429 consessum
576 1395 659 1435 caveae,
671 1379 751 1427 discri-

84 1443 146 1490 mina
156 1445 265 1501 ordinum,
277 1447 413 1506 quinquus,
425 1447 462 1494 ubi
472 1453 569 1500 senatus,
581 1448 749 1508 percontantur,

84 1507 200 1556 advertere
211 1511 319 1570 quosdam
335 1511 397 1556 cuitu
413 1519 508 1558 externo
519 1512 543 1556 in
554 1510 642 1557 sedibus
658 1517 751 1557 senato·

85 1588 151 1619 rum:
171 1584 200 1630 et,
212 1575 302 1635 quinam
312 1574 394 1629 forent,
407 1576 538 1636 rogitantes,
552 1583 671 1636 postquam
686 1575 750 1621 audi·

83 1646 170 1692 verant,
183 1654 259 1685 earum
267 1641 370 1700 gentium
381 1639 463 1699 legatis
471 1639 494 1684 id
504 1640 595 1685 honoris
603 1639 687 1694 datum,
699 1655 750 1700 quae

84 1703 169 1749 virtute
187 1710 211 1751 et
232 1701 328 1763 amicitiai
349 1701 456 1749 Romani
481 1704 649 1764 praecellerent3
675 1703 750 1750 nullos

84 1767 212 1814 mortalium
223 1769 291 1815 armis
302 1773 341 1814 aut
347 1767 391 1814 fide
402 1775 454 1814 ante
464 1767 592 1815 Germanos
602 1783 661 1826 esse,
673 1769 750 1816 excla-

84 1840 162 1888 mant;
179 1832 388 1894 degrediunturque,
406 1839 429 1880 et
446 1834 506 1880 inter
521 1842 595 1896 patres
611 1833 748 1880 considunt:

83 1897 143 1958 quod
160 1899 254 1944 comiter
270 1913 284 1945 a
301 1898 424 1945 visentibus
435 1906 561 1961 exceptum,
573 1899 638 1958 quasi
652 1897 752 1960 impetus

82 1962 175 2023 antiqui,
187 1970 210 2008 et
217 1961 276 2009 bond
286 1964 437 2010 aemulatione.
466 1963 530 2010 Nero
541 1964 632 2010 civitate
643 1962 750 2010 Romani

83 2027 161 2072 umbos
168 2027 271 2074 donavit:
292 2027 377 2075 Frisios
388 2029 495 2077 decedere
506 2030 567 2092 agris
573 2028 650 2090 jussit.
671 2029 750 2089 Atque

82 2091 126 2139 illis
134 2092 324 2154 adspernantibus,
333 2094 446 2141 auxiliaris
453 2110 521 2155 eques
529 2100 621 2157 repente
628 2094 749 2147 immissus,

82 2158 239 2204 necessitatem
257 2159 339 2216 attulit,
353 2161 424 2221 captis
440 2161 540 2214 caesisve,
557 2159 594 2219 qui
609 2159 750 2220 pervicacius

84 2222 221 2268 restiterant.

115 2285 169 2332 LV.
185 2287 286 2334 Eosdem
297 2303 365 2350 agros
375 2288 489 2334 Ansibarii
500 2285 644 2349 occupavere,
657 2287 751 2334 validior

81 2365 146 2411 gens.
163 2368 210 2398 non
221 2353 288 2399 modo
300 2352 341 2400 sud
351 2351 423 2414 copia,
440 2354 479 2400 sed
495 2353 642 2415 adjacentium
653 2352 749 2414 populo·

83 2430 133 2462 rum
145 2419 287 2464 miseratione
292 2434 300 2475 ;
317 2419 370 2479 quia
383 2420 466 2479 pulsia
478 2416 583 2471 Chaiicis,
599 2424 623 2463 et
637 2417 697 2463 sedis
713 2417 748 2462 in·

84 2496 144 2542 opes,
157 2489 230 2528 tutum
242 2484 346 2529 exsilium
357 2484 457 2529 orabant.
488 2483 618 2544 Aderatque
629 2482 663 2536 iis,
676 2480 751 2532 clarus

81 2546 181 2606 perillus
192 2555 280 2609 gentes,
291 2556 315 2594 et
325 2549 389 2594 nobis
399 2563 488 2609 quoque
498 2547 561 2602 fidus,
574 2547 666 2593 nomine
677 2545 751 2592 Boio-

83 2609 151 2665 calus,
163 2612 264 2657 vinctum
273 2628 297 2658 se
304 2613 423 2659 rebellione
436 2611 558 2666 Cherusca,
565 2613 632 2674 jussu
644 2611 752 2666 Arminii,

83 2674 189 2729 referens,
201 2692 262 2730 mox,
273 2675 364 2724 Tiberio
373 2687 396 2723 et
406 2678 543 2726 Germanico
551 2678 650 2731 ducibus,
662 2676 752 2737 stipen-

84 2739 121 2785 dia
138 2741 253 2787 meruisse.
286 2742 458 2804 Quinquaginta
473 2757 582 2788 annorum
602 2741 709 2802 obsequio
727 2741 751 2786 id

84 2817 174 2864 quoque
184 2806 312 2868 adjungere,
330 2808 390 2868 quod
400 2818 491 2869 gentem
503 2823 565 2854 suern
574 2807 653 2853 ditioni
664 2813 751 2852 nostrae

73 2870 204 2928 nulyieeret.
239 2872 341 2926 Quotam
359 2880 448 2936 partem
464 2873 536 2934 campi
548 2874 629 2936 iacere,
645 2872 669 2916 in
682 2884 751 2934 quam

53 2940 146 2986 pecora
159 2943 186 2984 et
195 2945 304 2989 armenta
315 2939 420 2990 militum
437 2938 558 3005 aliquanto
574 2936 756 2985 uenantum
