1680 3188
70 108 162 150 taos·
215 106 409 156 A‘NNALIUM
420 106 473 158 Lm.
480 64 556 158 XIII.
565 107 670 160 Cass.
700 114 734 160 49

70 238 215 300 quadringeni
232 239 320 285 nummi
336 239 419 284 viritim
435 239 488 294 dati,
504 247 528 286 et
538 239 664 287 sestertitim
677 255 733 303 qun·

69 304 205 366 dringenties
215 305 295 350 aerario
307 303 393 349 illatum
404 311 445 358 est,
463 305 491 350 ad
506 306 644 352 retinendam
655 306 732 368 populi

68 367 138 414 iidem.
172 367 281 430 Vectigal
295 383 384 430 quoqne
397 369 482 428 quinte
496 377 519 415 et
534 371 647 416 vicesimae
660 386 730 418 vena-

67 432 117 479 lium
128 434 293 494 mancipiorum
306 433 430 486 remissum
443 435 516 495 specie
526 436 605 496 magis,
617 451 683 496 quam
695 437 731 494 νίς

66 499 120 558 quin,
133 513 187 544 cunr
196 499 301 544 venditor
306 497 403 560 pendere
406 499 528 559 juberetur,
541 500 564 544 in
572 507 657 561 partem
665 501 731 562 pretii

65 564 186 610 emtoribus
196 563 344 609 accrescebat.
377 561 457 609 Edixit
472 561 556 617 Caesnn
574 580 603 610 ne
617 565 668 624 quis
682 581 731 613 ma-

65 628 172 689 gistratus
191 636 231 675 aut
249 635 385 689 procurator,
405 628 442 687 qui
459 629 595 689 provinciam
613 630 729 685 obtineret,

64 693 215 754 spectaculum
221 693 375 754 gladiatorum
387 700 425 738 ant
435 692 539 748 ferarum,
550 700 590 739 aut
600 695 660 754 quod
671 695 731 741 alind

63 748 172 804 ludicrum
193 757 283 804 ederet:
308 771 359 803 nam
379 765 431 803 ante
449 773 494 803 nou
511 759 586 805 minus
605 759 643 804 tali
660 759 729 821 largi-

63 823 130 877 tione,
148 837 217 882 quam
232 821 376 882 corripiendis
392 822 497 882 pecuniis,
515 823 625 884 subjectos
641 823 728 886 afflige·

63 887 128 945 bnnt;
147 889 210 941 dnm,
218 902 269 948 quae
280 886 369 933 libidine
380 885 524 946 deliquerant,
534 888 618 934 ambitu
628 904 728 952 propug-

62 960 123 999 nant·

95 1015 213 1064 XXXII.
221 1015 317 1064 Factum
334 1023 357 1063 et
371 1015 424 1065 SC.
436 1017 514 1063 ultioni
526 1018 593 1081 juxte
604 1025 627 1064 et
643 1020 727 1067 securi-

62 1084 109 1138 tati,
126 1092 153 1130 ut
165 1085 183 1130 si
195 1083 246 1143 quis
257 1097 270 1128 a
281 1083 328 1130 suis
339 1084 409 1128 seruis
419 1081 550 1129 interfectus
566 1090 631 1136 esset,
646 1085 662 1130 ii
673 1100 728 1145 quo-

62 1162 111 1208 que,
123 1148 163 1208 qui
174 1155 310 1194 testamento
321 1148 451 1193 manumissi
460 1148 500 1193 sub
508 1148 586 1194 eodem
596 1155 655 1194 tecto
662 1164 727 1195 man-

62 1214 152 1266 sissent,
169 1212 229 1258 inter
244 1227 321 1258 servos
339 1212 446 1273 supplicia
455 1212 585 1274 penderent.
617 1213 728 1260 Redditur

62 1277 134 1324 ordini
147 1277 177 1324 L.
183 1276 273 1328 Varius,
286 1277 415 1328 consularis,
427 1277 661 1323 avaritiaeeriminibus
672 1279 727 1324 olim

61 1343 185 1406 perculsus.
217 1341 251 1387 Et
262 1340 387 1402 Pomponia
399 1342 512 1395 Graecina,
528 1342 623 1403 insignis
636 1341 727 1398 femina,

62 1407 161 1461 Plautio,
172 1407 210 1466 qui
222 1421 293 1452 ovans
305 1422 329 1452 se
342 1407 370 1452 de
381 1403 504 1452 Britanniis
520 1407 602 1460 retulit,
614 1415 689 1468 nupta,
701 1422 728 1454 sc

61 1473 227 1535 superstitionis
243 1478 343 1516 externae
360 1486 403 1522 rea,
426 1471 499 1517 mariti
513 1471 598 1532 judicio
614 1473 729 1534 permissa.

61 1537 137 1598 lisque,
155 1538 229 1598 prisco
246 1536 356 1588 instituto,
374 1536 503 1596 propinquis
519 1551 600 1591 coram,
618 1537 645 1582 de
656 1538 729 1600 capite

61 1602 166 1664 famique
183 1601 286 1662 conjugis
304 1599 418 1660 cognovit,
436 1609 459 1644 et
477 1600 589 1646 insontem
608 1603 727 1649 nuntiavit.

61 1665 146 1729 longa
165 1666 217 1712 huic
237 1664 369 1726 Pomponiae
389 1672 450 1717 aetas,
473 1672 496 1710 et
514 1665 620 1712 continua
638 1667 729 1714 tristitia

59 1732 117 1780 fuit:
137 1746 190 1778 nam
202 1738 254 1792 post
264 1729 355 1790 Iuliam,
367 1728 439 1776 Drusi
447 1728 523 1782 tiliam,
535 1729 586 1776 dolo
595 1730 727 1779 Messalinae

60 1796 210 1849 interfectam,
227 1811 267 1857 per
283 1795 429 1856 quadraginta
444 1809 522 1849 annos,
539 1810 584 1842 non
598 1796 666 1851 cultu,
684 1798 727 1843 nisi

60 1862 158 1924 lugubri,
179 1876 225 1906 non
241 1861 322 1915 animo,
341 1861 383 1905 nisi
403 1867 491 1913 moesto,
511 1860 566 1921 egit.
598 1859 669 1922 quue
687 1862 725 1916 illi,

59 1927 205 1989 imperitante
217 1923 320 1980 Claudio,
334 1926 431 1986 impune,
444 1939 498 1971 mox
509 1927 536 1971 nd
547 1927 640 1986 gloriam
652 1927 727 1973 vertit.

94 1989 222 2038 XXXIII.
241 1989 305 2036 Idem
322 2005 394 2036 annus
410 1990 485 2050 plures
501 2005 550 2035 reos
565 1992 650 2036 hebuit:
670 2007 726 2051 quo·

60 2073 110 2104 rum
123 2056 152 2103 P.
161 2055 273 2109 Celerem,
290 2063 408 2101 accusante
418 2053 482 2108 Asis,
498 2056 550 2113 quia
560 2056 674 2102 absolvere
685 2072 726 2103 ne·

60 2123 139 2184 quibat
151 2119 235 2174 Caesar,
253 2121 327 2173 traxit,
345 2118 436 2165 senectal
452 2120 522 2164 donec
533 2128 627 2165 mortem
639 2121 723 2169 obirett

59 2203 113 2234 nam
126 2184 203 2242 Celer,
214 2184 339 2239 interfecto,
353 2193 377 2230 ut
387 2185 518 2238 memoravi,
535 2184 617 2236 Silano,
629 2200 725 2244 procon-

58 2253 115 2307 sule,
133 2250 289 2312 magnitudine
304 2250 394 2296 sceleris
410 2256 491 2295 caetera
501 2247 586 2309 flagitia
601 2249 728 2309 obtegebat.

61 2315 224 2364 Cossutianum
241 2313 374 2376 Capitonem
391 2312 473 2362 Cilices
488 2313 611 2359 detulerant
626 2314 725 2359 maculo·

60 2397 110 2428 snm
122 2381 260 2440 soedumque,
273 2388 296 2426 et
306 2380 411 2441 idemjus
422 2379 519 2425 audaciae
531 2379 553 2424 in
565 2376 680 2442 prouinciis
690 2394 725 2426 rn-

57 2454 113 2496 ΜΠ),
129 2445 191 2503 qnod
201 2446 225 2490 1'n
241 2444 304 2494 Urbe
315 2455 457 2497 exercuerat
487 2445 535 2495 Sed
544 2443 663 2511 pentorn
673 2459 744 2490 acen-

45 2507 134 2551 ratione
141 2509 297 2569 conflictatus,
308 2526 434 2578 postremo
443 2515 611 2566 defensionem
622 2511 721 2568 ommim
729 2525 761 2557 ne

32 2566 88 2626 ¹⁶8⁰
97 2575 285 2629 'emundatum
296 2583 434 2636 damnatus
445 2596 495 2638 est.
529 2586 586 2636 Pro
601 2580 687 2648 aprio
696 2576 778 2626 mm-

24 2628 101 2742 οἴξὲ
109 2647 187 2748 ἶέΰθ
197 2639 276 2706 Lycii
292 2666 338 2704 res
356 2659 522 2723 repetebant,
539 2646 572 2708 e'o
588 2667 676 2720 usque
685 2644 798 2696 emnium

36 2732 42 2745 ι
554 2742 574 2778 n
