1680 3188
118 120 165 162 140
197 109 389 158 ANNALIUM
401 107 530 157 Lraxvl.
543 109 602 158 Car.
611 117 632 159 9.
666 114 783 164 U.c.819.

120 243 180 293 novis
189 244 281 303 insuper
291 240 374 287 invidia
386 240 450 287 Nero
462 241 588 301 complevit,
605 241 744 302 prohibendo
756 242 783 292 C.

122 309 226 359 Cassium
235 307 309 353 officio
317 307 473 366 exsequiarum
482 322 488 350 ε
508 305 567 365 qnod
573 307 670 366 primurn
679 307 784 355 iudiciuin

121 375 189 422 mali:
208 372 321 432 usquein
337 370 431 431 longum
448 369 540 416 dilatum
556 376 599 416 est.
630 370 677 419 Sed
697 370 785 420 silum

121 439 222 488 additur:
242 435 304 482 nullo
315 435 415 488 crimine,
427 434 470 480 nisi
480 434 541 494 qnod
551 432 646 482 Cassius
655 436 735 498 opibus
746 453 785 484 vs·

119 502 341 563 tuslisetgrsvitate
348 513 447 554 morum,
458 498 549 546 Silanus
556 498 689 547 &dudae
828 506 832 513 '

121 578 146 617 st
161 564 263 614 modestt
275 562 377 629 juventi,
392 562 557 625 maeoellebant.
588 562 664 627 Igitur
673 564 745 613 munst
759 567 787 615 ad

123 640 227 682 senatum
238 631 345 684 oratioue,
360 628 508 675 movendos
518 643 532 674 a
544 627 657 690 republicd
673 638 786 693 utrosque,

123 698 242 746 disseruit:
261 695 425 757 objectavitque
436 690 526 750 Cassio,
537 693 597 754 quod
607 694 667 741 inter
676 695 787 759 Imagines

122 764 233 825 majorum
250 761 318 806 suam
334 757 444 808 C-Cassii
459 756 556 819 effigxiem
574 758 688 814 coluisset,
704 760 737 807 ita
752 760 787 807 in·

120 821 786 950 sitsfflizsstttuffltttfls

123 958 167 1011 Ac,
185 971 214 1002 ue
224 952 333 1001 memorii
348 960 435 1000 tantum
451 951 533 998 infensi
549 953 647 999 numinis
656 954 686 1000 ad
702 953 787 1001 dlacur·

123 1022 172 1069 dlas
190 1026 296 1072 uteretur,
313 1018 445 1064 assumsisse
460 1015 489 1062 L.
501 1016 610 1071 Silanum,
620 1018 730 1080 Juveuena
746 1034 788 1082 gs-

122 1101 178 1133 nere
188 1084 293 1138 nobilem,
309 1083 384 1129 annno
399 1088 544 1144 pmnsptum,
560 1096 627 1142 quesn
642 1083 709 1130 novis
722 1084 788 1132 rebus

123 1156 255 1198 ostentaret.

156 1212 229 1262 VIII.
246 1211 324 1275 Ipsum
345 1212 426 1258 dehinc
448 1211 549 1257 Silanum
570 1211 681 1274 increpuit
701 1212 787 1269 ilsdem,

125 1281 206 1344 qualus
215 1285 320 1341 patruum
327 1279 377 1339 ejus
382 1275 531 1337 Torquatum,
542 1282 655 1337 tamqnam
661 1276 790 1339 dlapcnenet

119 1349 169 1411 Jam
180 1344 267 1406 Imperii
277 1356 349 1396 curas,
364 1339 532 1402 praeflceretque
541 1341 664 1388 rationibus
674 1348 699 1389 et
708 1342 789 1391 libellls

124 1420 149 1459 ct
159 1408 260 1472 epistolis
270 1407 376 1452 libertos:
394 1406 470 1452 inania
480 1405 547 1451 simul
557 1412 581 1451 et
595 1405 666 1453 falsa:
687 1420 739 1453 nasu
751 1407 788 1455 si·

123 1476 198 1530 lanus,
216 1471 322 1519 intentior
332 1477 394 1516 metu
405 1477 429 1516 et
439 1471 508 1517 exitio
518 1471 597 1532 patrui
614 1471 642 1517 ad
657 1486 788 1533 praecaven-

125 1541 179 1588 dum
190 1537 311 1584 exterritus
320 1542 377 1581 erat.
408 1532 499 1581 Inducit
511 1535 611 1597 posthac,
627 1536 737 1584 vocabislo
752 1538 787 1584 in·

125 1604 207 1658 dicum,
224 1601 296 1663 quiin
308 1599 424 1662 Lepidam,
441 1599 515 1648 casali
531 1615 631 1655 uxorem,
650 1601 720 1648 Silani
732 1602 789 1649 arai·

124 1677 179 1723 tam‚
200 1668 311 1714 incestum
329 1680 381 1711 cum
399 1664 473 1711 fratris
489 1664 536 1710 filio
555 1673 578 1710 et
596 1665 656 1712 diros
674 1681 788 1714 sacrorum

124 1734 182 1781 ritus
193 1730 355 1793 contingerent.
387 1729 549 1784 Trahebantur,
561 1736 587 1776 ut
597 1731 688 1786 conscii,
701 1730 788 1779 Vulca-

124 1799 171 1846 tius
185 1795 290 1843 Tullinus
305 1810 331 1842 ac
348 1794 472 1840 Marcellus
483 1792 610 1850 Cornelius,
626 1804 749 1851 senatores,
766 1803 790 1843 et

126 1861 263 1923 Calpurnius
274 1858 378 1913 Fabatus,
389 1874 458 1918 eques
469 1858 587 1904 Romanus
596 1877 604 1915 ς
620 1860 665 1920 qui,
676 1860 788 1923 appellato

126 1926 233 1990 principe,
245 1924 365 1970 instantem
376 1923 542 1970 damnationem
553 1922 660 1980 frustrati,
670 1940 726 1972 mox
737 1924 787 1974 Ne·

123 2006 210 2045 mnan,
222 1991 282 2037 circa
287 1988 375 2036 munina
381 1987 466 2034 scelera
473 1988 602 2044 distentum,
613 1991 789 2050 quasimInores,

122 2071 223 2105 masere

155 2119 202 2167 lx.
219 2118 287 2166 Iunc
296 2118 401 2166 consulto
411 2118 502 2166 senatis
513 2115 595 2166 Cassio
605 2125 628 2165 et
639 2117 717 2167 Silano
728 2122 788 2168 exsi-

120 2185 154 2234 ua
164 2185 326 2231 decernuntur:
345 2184 374 2230 de
390 2182 477 2244 Lepidi
494 2181 573 2231 Cesar
587 2191 702 2232 statueret.
735 2184 787 2233 De·

120 2257 268 2315 portatusque
278 2249 302 2294 iu
312 2248 408 2294 insulam
420 2248 544 2295 Sardiniam
555 2246 656 2303 Cassius,
673 2256 697 2296 et
709 2264 788 2298 senes

122 2323 160 2363 tus
176 2316 226 2377 ejus
241 2313 418 2374 exspectabatur.
449 2313 546 2369 Silanus,
561 2319 674 2374 tamquam
694 2313 788 2362 Naxum

124 2380 278 2431 dwelreretur,
288 2377 375 2425 Ostiam
382 2386 481 2424 amotus:
500 2379 681 2441 postmuuicipio
689 2380 788 2442 Apuliae,

122 2446 160 2494 cni
170 2458 254 2491 nomeu
270 2450 305 2488 est
318 2440 418 2495 Barium,
434 2442 552 2489 clauditur.
583 2441 641 2498 Illic,
657 2444 787 2506 indignlssi·

123 2524 186 2557 mum
198 2522 274 2554 casum
285 2507 397 2567 sapienter
407 2506 511 2561 tolerans,
528 2523 541 2554 a
552 2508 689 2563 centurione,
701 2508 730 2555 ad
740 2524 787 2556 caa-

115 2576 169 2623 uem
188 2573 266 2628 missu,
285 2572 420 2635 corripitur:
443 2573 598 2635 suadentique,
611 2587 685 2618 uanas
698 2575 789 2619 abrum-

61 2654 165 2720 -pe,
182 2639 291 2689 amnium
301 2639 399 2703 quidem
409 2640 482 2687 murti
493 2639 643 2691 destinatam,
650 2637 694 2688 ait,
702 2636 746 2679 sed
752 2648 806 2679 nun
