1680 3188
88 443 125 492 50
153 434 348 489 ANNALIUM
358 432 492 485 mxm
502 431 608 485 canas
642 439 758 482 moena.

88 570 215 633 praevaluit,
226 567 352 630 mquidem
363 573 520 614 accusatorum
530 567 579 630 ejus
588 567 669 614 exsilio
674 567 760 617 multa·

89 642 177 691 rentur,
188 642 302 696 tamquam
312 633 396 679 insonti
407 632 532 693 pericnlum
542 631 656 678 fecissent.

92 732 117 780 U
129 714 162 782 c·
183 735 193 778 l
285 696 411 745 XXXIV.
427 696 521 744 Nerone
542 697 634 743 tertium
656 699 758 758 consule,

101 736 221 847 J'c'8592'
253 764 321 812 simul
339 763 391 816 iniit
407 762 548 809 consulatum
567 760 673 808 Valerius
692 763 759 811 Mes-

119 832 125 845 ⁶
153 832 160 846 ‘
204 829 211 844 '
254 829 307 883 sala,
327 829 390 891 quus
406 841 522 889 proavum,
544 834 656 873 oratorem
674 825 761 876 Corvi.

94 911 155 951 num,
173 894 207 943 D.
215 895 329 957 Augusto,
347 894 417 940 abavo
433 891 541 948 Neronis,
558 892 670 954 collegam
688 893 713 939 in
732 909 765 941 eo

93 962 226 1025 magistratu
243 958 321 1012 inisse,
343 959 407 1020 pauci
421 959 471 1020 jam
492 971 572 1004 senum
593 958 759 1007 meminerant:

94 1027 134 1074 sed
157 1027 225 1073 nobili
246 1023 339 1071 familie
359 1025 432 1069 honor
457 1030 536 1069 auctus
562 1030 604 1077 est,
631 1022 712 1070 oblatis
737 1025 762 1072 in

95 1091 198 1154 singulos
219 1104 291 1136 annos
312 1088 433 1150 quingenis
454 1087 570 1141 sestertiis,
592 1088 672 1148 quibus
693 1087 761 1136 Mes·

96 1157 143 1205 salu
163 1171 207 1218 pau
237 1160 317 1200 statem
342 1153 457 1198 innoxiam
482 1159 624 1199 sustentaret.
666 1153 763 1201 Aurelio

96 1235 184 1284 quoque
202 1170 280 1268 &ttae
297 1226 322 1265 et
338 1216 437 1264 Haterio
455 1216 559 1264 Antonio
577 1231 674 1264 annuam
692 1233 763 1280 pecu·

96 1288 156 1333 niam
165 1285 243 1332 statuit
253 1283 363 1346 princeps,
375 1282 477 1343 quamvis
487 1297 528 1343 per
537 1282 616 1327 luxum
628 1283 698 1329 avitus
707 1297 764 1345 opes

96 1349 249 1412 discipuiasent.
281 1347 341 1410 Efins
359 1347 412 1392 anni
430 1346 544 1408 principio,
567 1344 671 1392 mollibus
689 1347 765 1396 adhuc

97 1416 167 1462 initiis
178 1415 313 1476 prolatatum
327 1413 386 1458 inter
398 1410 494 1458 Parthos
506 1411 667 1472 Romanosque
682 1411 711 1458 de
723 1414 767 1460 nb-

98 1480 190 1527 tinendd
206 1476 316 1526 Armenii
330 1477 415 1523 bellum
430 1477 512 1523 acriter
528 1477 634 1522 sumitur:
653 1478 706 1537 quia
721 1492 768 1526 usn

99 1543 228 1606 Vologeses
239 1544 326 1590 sinebat
334 1542 428 1588 fratrem
438 1540 553 1587 Tiridaten
569 1541 613 1587 dati
630 1555 643 1586 a
658 1555 683 1588 se
699 1543 767 1606 regni

100 1616 215 1672 expertem
222 1622 279 1662 esse,
290 1615 330 1654 aut
338 1607 418 1654 alienae
428 1605 451 1652 id
462 1606 569 1668 potentiae
576 1606 660 1652 donum
669 1607 765 1655 habere:

102 1683 125 1721 et
137 1672 236 1723 Corbrrlo
248 1673 341 1734 dignum
358 1671 514 1733 magnitudine
527 1671 601 1732 populi
618 1669 718 1718 Romani
730 1688 767 1720 re·

55 1742 62 1749 ”
100 1741 173 1794 batur,
192 1747 257 1801 parta
271 1737 325 1782 olim
345 1750 357 1782 a
374 1735 472 1782 Lucullo
491 1733 644 1797 Pompeioque
660 1737 768 1799 recipere„

102 1804 141 1852 Ad
152 1805 201 1850 h'aec
212 1801 322 1855 Armenii,
340 1799 445 1862 ambigui
459 1800 509 1854 fide,
526 1808 621 1861 utraque
634 1815 697 1848 arma
707 1803 773 1849 iuvi·

102 1870 186 1922 tabant,
205 1868 250 1914 situ
269 1873 386 1920 terrarum,
408 1866 552 1911 similitudine
569 1881 657 1912 morum
677 1865 773 1916 Partitis

101 1935 223 1996 propiores,
234 1931 395 1992 connubiisque
402 1931 513 1992 permixti,
523 1945 557 1988 ac,
568 1930 670 1978 libertate
681 1931 774 1994 ignoti,

103 1998 157 2045 illuc
168 1999 241 2059 magis
252 1997 279 2043 ad
291 1997 407 2042 servitium
418 1997 559 2042 inclinantes·

135 2061 246 2109 XXXV.
262 2060 308 2108 Sed
317 2059 440 2109 Corbuloni
450 2061 501 2125 plus
511 2061 578 2107 molis
585 2061 693 2108 adversm
700 2061 773 2126 igna-

104 2129 164 2175 viam
175 2127 279 2181 militum,
296 2140 364 2187 quam
379 2133 458 2172 contra
471 2125 584 2188 perfidiam
595 2126 694 2172 hostium
705 2135 771 2176 erata

105 2191 776 2255 u

107 2323 170 2376 stitit,
187 2321 257 2368 fuisse
274 2322 297 2367 in
312 2337 341 2367 eo
356 2323 456 2367 exmcitu
472 2328 597 2375 veteranos,
616 2320 712 2381 quinon
725 2330 776 2370 sta·

107 2388 199 2442 tionem,
222 2401 268 2433 non
290 2384 380 2447 vigilius
397 2387 505 2432 inissent:
531 2385 613 2432 vallum
636 2384 773 2448 fossamque,

108 2452 171 2513 quasi
182 2466 242 2499 nova
252 2459 275 2497 et
286 2451 348 2506 mira,
365 2451 478 2507 viserent3
496 2451 545 2498 sine
555 2451 635 2512 galeis,
652 2452 701 2497 sine
717 2453 774 2498 lori·

107 2517 147 2570 cis,
166 2516 230 2562 nitidi
246 2523 270 2563 et
284 2517 413 2578 quaestuosi,
428 2514 508 2562 militii
520 2531 561 2578 per
579 2516 659 2577 oppida
676 2516 778 2579 expleti,

107 2579 183 2643 Igitur
194 2581 297 2635 dimissis,
314 2582 395 2642 quibus
405 2587 496 2628 senecta
508 2588 546 2628 aut
562 2580 667 2627 valetudo
679 2582 775 2630 advena

107 2653 163 2701 erat,
180 2647 361 2708 supplementum
371 2646 461 2708 petivit:
482 2653 505 2692 et
520 2645 588 2692 habiti
603 2661 644 2708 per
659 2646 776 2694 Galatiam

105 2727 135 2756 ac
146 2709 311 2773 Cappadociam
324 2711 437 2758 delectus:
458 2704 587 2775 adJeolaque
603 2724 632 2761 ex
649 2709 775 2760 Germana

90 2773 164 2832 legio,
182 2790 237 2822 evm
252 2777 367 2840 equitibus
378 2778 464 2834 alariis,
481 2784 506 2825 et
518 2776 624 2841 peditatu
637 2775 783 2820 coturnum

79 2842 244 2907 mensusque
262 2847 345 2894 omnis
359 2847 486 2895 exercitus
506 2846 549 2892 sub
564 2841 674 2905 petimus,
688 2837 802 2896 quamuis

65 2895 155 2948 hleme
164 2907 240 2958 saeva
250 2911 325 2971 adeo,
337 2921 373 2971 ut,
388 2914 500 2962 obducta
507 2909 595 2974 glacie,
603 2904 653 2952 nun
663 2899 760 2950 elisam
765 2897 807 2940 iun

53 2968 118 3010 ΜΝ
130 2973 251 3025 tentoriis
263 2977 355 3031 locum
369 2997 428 3034 non
437 2979 577 3047 praeberet·
614 2964 731 3020 hurbem&
739 2956 807 3005 “iffi
