<?xml version="1.0" encoding="UTF-8"?>
<!DOCTYPE html PUBLIC "-//W3C//DTD XHTML 1.0 Transitional//EN"
    "http://www.w3.org/TR/xhtml1/DTD/xhtml1-transitional.dtd">
<html xmlns="http://www.w3.org/1999/xhtml" xml:lang="en" lang="en">
 <head>
  <title>
</title>
<meta http-equiv="Content-Type" content="text/html;charset=utf-8" />
  <meta name='ocr-system' content='tesseract 3.04.00' />
  <meta name='ocr-capabilities' content='ocr_page ocr_carea ocr_par ocr_line ocrx_word'/>
</head>
<body>
  <div class='ocr_page' id='page_1' title='image "./ccorneliitaciti01obergoog_0181.png"; bbox 0 0 1664 2910; ppageno 0'>
   <div class='ocr_carea' id='block_1_1' title="bbox 328 38 765 106">
    <p class='ocr_par' dir='ltr' id='par_1_1' title="bbox 328 38 765 106">
     <span class='ocr_line' id='line_1_1' title="bbox 328 38 765 106; baseline -0.011 -14"><span class='ocrx_word' id='word_1_1' title='bbox 328 38 419 106; x_wconf 78' lang='lat' dir='ltr'>Sporus,</span> <span class='ocrx_word' id='word_1_2' title='bbox 439 44 548 98; x_wconf 88' lang='lat' dir='ltr'>ultimum,</span> <span class='ocrx_word' id='word_1_3' title='bbox 568 50 594 89; x_wconf 86' lang='lat' dir='ltr'>ut</span> <span class='ocrx_word' id='word_1_4' title='bbox 611 42 713 97; x_wconf 82' lang='lat' dir='ltr'><strong>diximus,</strong></span> <span class='ocrx_word' id='word_1_5' title='bbox 732 57 765 103; x_wconf 75' lang='lat' dir='ltr'>prr</span> 
     </span>
    </p>
   </div>
   <div class='ocr_carea' id='block_1_2' title="bbox 327 104 765 1321">
    <p class='ocr_par' dir='ltr' id='par_1_2' title="bbox 327 104 765 745">
     <span class='ocr_line' id='line_1_2' title="bbox 327 104 765 175; baseline -0.009 -20"><span class='ocrx_word' id='word_1_6' title='bbox 327 107 477 175; x_wconf 42' lang='lat' dir='ltr'>iugo&#39;subito</span> <span class='ocrx_word' id='word_1_7' title='bbox 491 115 588 154; x_wconf 81' lang='lat' dir='ltr'>tremore</span> <span class='ocrx_word' id='word_1_8' title='bbox 602 113 668 152; x_wconf 80' lang='lat' dir='ltr'>terrae</span> <span class='ocrx_word' id='word_1_9' title='bbox 683 115 706 152; x_wconf 90' lang='lat' dir='ltr'>et</span> <span class='ocrx_word' id='word_1_10' title='bbox 719 104 765 167; x_wconf 76' lang='lat' dir='ltr'>fulg</span> 
     </span>
     <span class='ocr_line' id='line_1_3' title="bbox 327 169 765 232; baseline -0.011 -12"><span class='ocrx_word' id='word_1_11' title='bbox 327 180 386 227; x_wconf 70' lang='lat' dir='ltr'>mis,</span> <span class='ocrx_word' id='word_1_12' title='bbox 397 172 425 220; x_wconf 81' lang='lat' dir='ltr'>od</span> <span class='ocrx_word' id='word_1_13' title='bbox 436 186 505 218; x_wconf 81' lang='lat' dir='ltr'>novas</span> <span class='ocrx_word' id='word_1_14' title='bbox 515 179 576 232; x_wconf 81' lang='lat' dir='ltr'>potet</span> <span class='ocrx_word' id='word_1_15' title='bbox 586 171 684 231; x_wconf 73' lang='lat' dir='ltr'>injurias</span> <span class='ocrx_word' id='word_1_16' title='bbox 714 169 765 216; x_wconf 82' lang='lat' dir='ltr'>Pro·</span> 
     </span>
     <span class='ocr_line' id='line_1_4' title="bbox 327 234 761 289; baseline -0.009 -6"><span class='ocrx_word' id='word_1_17' title='bbox 327 238 492 285; x_wconf 80' lang='lat' dir='ltr'><strong>circumsonant</strong></span> <span class='ocrx_word' id='word_1_18' title='bbox 509 235 641 282; x_wconf 74' lang='lat' dir='ltr'>clamoribus</span> <span class='ocrx_word' id='word_1_19' title='bbox 660 234 761 289; x_wconf 82' lang='lat' dir='ltr'>militum,</span> 
     </span>
     <span class='ocr_line' id='line_1_5' title="bbox 329 297 764 362; baseline -0.009 -13"><span class='ocrx_word' id='word_1_20' title='bbox 329 301 409 350; x_wconf 79' lang='lat' dir='ltr'>Gslbae</span> <span class='ocrx_word' id='word_1_21' title='bbox 420 314 532 362; x_wconf 80' lang='lat' dir='ltr'>prospera,</span> <span class='ocrx_word' id='word_1_22' title='bbox 546 299 700 345; x_wconf 76' lang='lat' dir='ltr'>ominentium.</span> <span class='ocrx_word' id='word_1_23' title='bbox 730 297 764 345; x_wconf 75' lang='lat' dir='ltr'>Er</span> 
     </span>
     <span class='ocr_line' id='line_1_6' title="bbox 327 362 764 423; baseline -0.007 -12"><span class='ocrx_word' id='word_1_24' title='bbox 327 364 417 418; x_wconf 86' lang='lat' dir='ltr'>toribus,</span> <span class='ocrx_word' id='word_1_25' title='bbox 426 365 486 419; x_wconf 80' lang='lat' dir='ltr'>alter,</span> <span class='ocrx_word' id='word_1_26' title='bbox 494 367 509 392; x_wconf 86' lang='lat'>“</span> <span class='ocrx_word' id='word_1_27' title='bbox 515 363 549 408; x_wconf 90' lang='lat' dir='ltr'>Hi</span> <span class='ocrx_word' id='word_1_28' title='bbox 556 362 670 410; x_wconf 86' lang='lat' dir='ltr'>Neronem</span> <span class='ocrx_word' id='word_1_29' title='bbox 675 377 764 423; x_wconf 83' lang='lat' dir='ltr'>perseqn</span> 
     </span>
     <span class='ocr_line' id='line_1_7' title="bbox 329 426 764 490; baseline -0.007 -15"><span class='ocrx_word' id='word_1_30' title='bbox 329 429 385 476; x_wconf 81' lang='lat' dir='ltr'>alter</span> <span class='ocrx_word' id='word_1_31' title='bbox 391 430 479 490; x_wconf 77' lang='lat' dir='ltr'><strong>rogitat,</strong></span> <span class='ocrx_word' id='word_1_32' title='bbox 489 427 595 488; x_wconf 82' lang='lat' dir='ltr'>“Ecquid</span> <span class='ocrx_word' id='word_1_33' title='bbox 601 428 625 473; x_wconf 91' lang='lat' dir='ltr'>in</span> <span class='ocrx_word' id='word_1_34' title='bbox 632 426 695 473; x_wconf 89' lang='lat' dir='ltr'>Urbe</span> <span class='ocrx_word' id='word_1_35' title='bbox 703 427 764 473; x_wconf 83' lang='lat' dir='ltr'>novi·</span> 
     </span>
     <span class='ocr_line' id='line_1_8' title="bbox 330 491 762 541; baseline -0.012 0"><span class='ocrx_word' id='word_1_36' title='bbox 330 493 454 541; x_wconf 83' lang='lat' dir='ltr'>reverentia</span> <span class='ocrx_word' id='word_1_37' title='bbox 469 492 492 537; x_wconf 89' lang='lat' dir='ltr'>in</span> <span class='ocrx_word' id='word_1_38' title='bbox 506 491 630 538; x_wconf 80' lang='lat' dir='ltr'>formidinis</span> <span class='ocrx_word' id='word_1_39' title='bbox 643 506 731 537; x_wconf 84' lang='lat' dir='ltr'>causam</span> <span class='ocrx_word' id='word_1_40' title='bbox 747 507 762 536; x_wconf 90' lang='lat' dir='ltr'>v</span> 
     </span>
     <span class='ocr_line' id='line_1_9' title="bbox 330 555 763 617; baseline -0.007 -14"><span class='ocrx_word' id='word_1_41' title='bbox 330 558 377 603; x_wconf 86' lang='lat' dir='ltr'>cius</span> <span class='ocrx_word' id='word_1_42' title='bbox 388 557 476 616; x_wconf 84' lang='lat' dir='ltr'>quidam</span> <span class='ocrx_word' id='word_1_43' title='bbox 487 557 633 616; x_wconf 86' lang='lat' dir='ltr'>praetorinnus</span> <span class='ocrx_word' id='word_1_44' title='bbox 643 555 763 617; x_wconf 84' lang='lat' dir='ltr'>principem</span> 
     </span>
     <span class='ocr_line' id='line_1_10' title="bbox 330 618 763 680; baseline -0.012 -11"><span class='ocrx_word' id='word_1_45' title='bbox 330 627 376 669; x_wconf 78' lang='lat' dir='ltr'>nm</span> <span class='ocrx_word' id='word_1_46' title='bbox 388 622 437 680; x_wconf 85' lang='lat' dir='ltr'>equi</span> <span class='ocrx_word' id='word_1_47' title='bbox 453 621 653 666; x_wconf 82' lang='lat' dir='ltr'>consternationem</span> <span class='ocrx_word' id='word_1_48' title='bbox 668 618 730 674; x_wconf 74' lang='lat' dir='ltr'>facie,</span> <span class='ocrx_word' id='word_1_49' title='bbox 745 635 763 680; x_wconf 69' lang='lat' dir='ltr'>ap</span> 
     </span>
     <span class='ocr_line' id='line_1_11' title="bbox 329 683 763 745; baseline -0.012 -13"><span class='ocrx_word' id='word_1_50' title='bbox 329 685 397 733; x_wconf 87' lang='lat' dir='ltr'>tionis</span> <span class='ocrx_word' id='word_1_51' title='bbox 408 685 480 730; x_wconf 90' lang='lat' dir='ltr'>officio</span> <span class='ocrx_word' id='word_1_52' title='bbox 491 685 518 730; x_wconf 84' lang='lat' dir='ltr'>ad</span> <span class='ocrx_word' id='word_1_53' title='bbox 529 684 702 745; x_wconf 81' lang='lat' dir='ltr'>desperationem</span> <span class='ocrx_word' id='word_1_54' title='bbox 715 683 763 744; x_wconf 76' lang='lat' dir='ltr'>adig</span> 
     </span>
    </p>

    <p class='ocr_par' dir='ltr' id='par_1_3' title="bbox 328 746 763 1321">
     <span class='ocr_line' id='line_1_12' title="bbox 364 746 763 810; baseline -0.005 -16"><span class='ocrx_word' id='word_1_55' title='bbox 364 746 427 810; x_wconf 87' lang='lat' dir='ltr'>[Nec</span> <span class='ocrx_word' id='word_1_56' title='bbox 441 763 491 808; x_wconf 86' lang='lat' dir='ltr'>spes</span> <span class='ocrx_word' id='word_1_57' title='bbox 505 756 591 794; x_wconf 83' lang='lat' dir='ltr'>tantum</span> <span class='ocrx_word' id='word_1_58' title='bbox 605 747 667 808; x_wconf 84' lang='lat' dir='ltr'>iugae</span> <span class='ocrx_word' id='word_1_59' title='bbox 682 761 763 793; x_wconf 82' lang='lat' dir='ltr'>vnnesc</span> 
     </span>
     <span class='ocr_line' id='line_1_13' title="bbox 329 811 761 875; baseline -0.012 -14"><span class='ocrx_word' id='word_1_60' title='bbox 329 814 378 875; x_wconf 83' lang='lat' dir='ltr'>ejus</span> <span class='ocrx_word' id='word_1_61' title='bbox 392 812 509 857; x_wconf 83' lang='lat' dir='ltr'>consilinm</span> <span class='ocrx_word' id='word_1_62' title='bbox 524 826 573 858; x_wconf 89' lang='lat' dir='ltr'>cum</span> <span class='ocrx_word' id='word_1_63' title='bbox 588 811 761 873; x_wconf 82' lang='lat' dir='ltr'>praetorianisu</span> 
     </span>
     <span class='ocr_line' id='line_1_14' title="bbox 330 875 762 937; baseline -0.005 -14"><span class='ocrx_word' id='word_1_64' title='bbox 330 876 524 929; x_wconf 79' lang='lat' dir='ltr'>communicatum,</span> <span class='ocrx_word' id='word_1_65' title='bbox 537 877 585 937; x_wconf 78' lang='lat' dir='ltr'>jam</span> <span class='ocrx_word' id='word_1_66' title='bbox 603 877 626 921; x_wconf 89' lang='lat' dir='ltr'>in</span> <span class='ocrx_word' id='word_1_67' title='bbox 644 875 736 921; x_wconf 85' lang='lat' dir='ltr'>exitium</span> <span class='ocrx_word' id='word_1_68' title='bbox 755 891 762 921; x_wconf 89' lang='lat'><strong>‹</strong></span> 
     </span>
     <span class='ocr_line' id='line_1_15' title="bbox 330 938 762 993; baseline -0.009 -5"><span class='ocrx_word' id='word_1_69' title='bbox 330 947 417 988; x_wconf 78' lang='lat' dir='ltr'>mutato</span> <span class='ocrx_word' id='word_1_70' title='bbox 425 948 570 993; x_wconf 82' lang='lat' dir='ltr'>sacramento,</span> <span class='ocrx_word' id='word_1_71' title='bbox 584 939 678 986; x_wconf 77' lang='lat' dir='ltr'>Galbam</span> <span class='ocrx_word' id='word_1_72' title='bbox 687 938 762 984; x_wconf 85' lang='lat' dir='ltr'>illicoi</span> 
     </span>
     <span class='ocr_line' id='line_1_16' title="bbox 331 1001 748 1065; baseline -0.012 -13"><span class='ocrx_word' id='word_1_73' title='bbox 331 1001 422 1053; x_wconf 77' lang='lat' dir='ltr'>dncibus</span> <span class='ocrx_word' id='word_1_74' title='bbox 438 1002 577 1065; x_wconf 84' lang='lat' dir='ltr'>Nymphidio</span> <span class='ocrx_word' id='word_1_75' title='bbox 592 1009 615 1048; x_wconf 87' lang='lat' dir='ltr'>et</span> <span class='ocrx_word' id='word_1_76' title='bbox 627 1001 748 1063; x_wconf 85' lang='lat' dir='ltr'>Tigellino.</span> 
     </span>
     <span class='ocr_line' id='line_1_17' title="bbox 329 1066 750 1120; baseline -0.014 -3"><span class='ocrx_word' id='word_1_77' title='bbox 329 1076 395 1119; x_wconf 82' lang='lat' dir='ltr'>velus</span> <span class='ocrx_word' id='word_1_78' title='bbox 415 1066 531 1115; x_wconf 76' lang='lat' dir='ltr'>caesarum</span> <span class='ocrx_word' id='word_1_79' title='bbox 549 1066 603 1113; x_wconf 82' lang='lat' dir='ltr'>fides</span> <span class='ocrx_word' id='word_1_80' title='bbox 621 1073 750 1120; x_wconf 82' lang='lat' dir='ltr'>recurreret,</span> 
     </span>
     <span class='ocr_line' id='line_1_18' title="bbox 329 1130 762 1195; baseline -0.009 -14"><span class='ocrx_word' id='word_1_81' title='bbox 329 1133 432 1195; x_wconf 89' lang='lat' dir='ltr'>quodque</span> <span class='ocrx_word' id='word_1_82' title='bbox 446 1131 508 1178; x_wconf 70' lang='lat' dir='ltr'>nefas</span> <span class='ocrx_word' id='word_1_83' title='bbox 520 1130 616 1177; x_wconf 84' lang='lat' dir='ltr'>fortunae</span> <span class='ocrx_word' id='word_1_84' title='bbox 627 1145 652 1176; x_wconf 83' lang='lat' dir='ltr'>so</span> <span class='ocrx_word' id='word_1_85' title='bbox 662 1130 762 1177; x_wconf 86' lang='lat' dir='ltr'>inserend</span> 
     </span>
     <span class='ocr_line' id='line_1_19' title="bbox 328 1195 761 1257; baseline -0.016 -11"><span class='ocrx_word' id='word_1_86' title='bbox 328 1199 390 1247; x_wconf 87' lang='lat' dir='ltr'>mine</span> <span class='ocrx_word' id='word_1_87' title='bbox 408 1196 487 1243; x_wconf 85' lang='lat' dir='ltr'>Galbae</span> <span class='ocrx_word' id='word_1_88' title='bbox 503 1195 656 1257; x_wconf 75' lang='lat' dir='ltr'>praetoriarum</span> <span class='ocrx_word' id='word_1_89' title='bbox 674 1201 696 1240; x_wconf 87' lang='lat' dir='ltr'>et</span> <span class='ocrx_word' id='word_1_90' title='bbox 715 1196 761 1240; x_wconf 62' lang='lat' dir='ltr'>urbe</span> 
     </span>
     <span class='ocr_line' id='line_1_20' title="bbox 328 1258 753 1321; baseline -0.012 -13"><span class='ocrx_word' id='word_1_91' title='bbox 328 1261 435 1315; x_wconf 84' lang='lat' dir='ltr'>militibus</span> <span class='ocrx_word' id='word_1_92' title='bbox 445 1259 534 1321; x_wconf 81' lang='lat' dir='ltr'>singulo</span> <span class='ocrx_word' id='word_1_93' title='bbox 544 1260 627 1305; x_wconf 87' lang='lat' dir='ltr'>tricena</span> <span class='ocrx_word' id='word_1_94' title='bbox 637 1258 753 1304; x_wconf 85' lang='lat' dir='ltr'>nummllm</span> 
     </span>
    </p>
   </div>
   <div class='ocr_carea' id='block_1_3' title="bbox 327 1321 761 1428">
    <p class='ocr_par' dir='ltr' id='par_1_4' title="bbox 327 1321 761 1428">
     <span class='ocr_line' id='line_1_21' title="bbox 327 1321 761 1389; baseline -0.009 -17"><span class='ocrx_word' id='word_1_95' title='bbox 327 1325 457 1389; x_wconf 77' lang='lat' dir='ltr'>legionariis</span> <span class='ocrx_word' id='word_1_96' title='bbox 480 1324 548 1384; x_wconf 83' lang='lat' dir='ltr'>quino</span> <span class='ocrx_word' id='word_1_97' title='bbox 568 1323 644 1369; x_wconf 85' lang='lat' dir='ltr'>millia.</span> <span class='ocrx_word' id='word_1_98' title='bbox 682 1321 761 1369; x_wconf 87' lang='lat' dir='ltr'>Enom</span> 
     </span>
     <span class='ocr_line' id='line_1_22' title="bbox 329 1386 761 1428; baseline 0.012 -5"><span class='ocrx_word' id='word_1_99' title='bbox 329 1390 410 1424; x_wconf 68' lang='lat' dir='ltr'>nullm</span> <span class='ocrx_word' id='word_1_100' title='bbox 422 1403 485 1424; x_wconf 71' lang='lat' dir='ltr'>marm</span> <span class='ocrx_word' id='word_1_101' title='bbox 496 1403 523 1424; x_wconf 79' lang='lat' dir='ltr'>no</span> <span class='ocrx_word' id='word_1_102' title='bbox 533 1386 632 1426; x_wconf 66' lang='lat' dir='ltr'>Nor-onis·</span> <span class='ocrx_word' id='word_1_103' title='bbox 642 1390 727 1428; x_wconf 77' lang='lat' dir='ltr'>ruinam</span> <span class='ocrx_word' id='word_1_104' title='bbox 738 1402 761 1428; x_wconf 72' lang='lat' dir='ltr'>nr</span> 
     </span>
    </p>
   </div>
   <div class='ocr_carea' id='block_1_4' title="bbox 0 0 836 2910">
    <p class='ocr_par' dir='ltr' id='par_1_5' title="bbox 0 0 836 2910">
     <span class='ocr_line' id='line_1_23' title="bbox 0 0 836 2910; baseline 0 0"><span class='ocrx_word' id='word_1_105' title='bbox 0 0 836 2910; x_wconf 95' lang='lat' dir='ltr'> </span> 
     </span>
    </p>
   </div>
  </div>
 </body>
</html>
