1680 3188
106 151 201 194 rcrr.
248 148 442 219 rnnrmuu
453 146 697 206 munietur.
742 157 772 205 d

104 290 187 334 ternu.
214 280 402 330 Promittantibus
413 282 464 328 dein
475 288 522 329 tam
532 282 671 345 praecipitem
682 297 769 340 necem,

103 364 168 410 quam
180 347 199 395 ci
210 346 272 394 ferro
290 353 414 409 urgeretur,
434 347 560 394 cubiculum
581 346 680 395 Caerarir
692 349 768 410 juxta,

103 414 236 474 decoquitur
247 413 319 469 viruu,
330 413 427 473 cognitis
438 422 504 459 antea
515 414 609 459 venenis
619 413 728 474 rapidum.

130 476 204 527 XVI.
217 476 274 523 Mor
286 477 414 534 habebatur,
426 477 552 539 principum
563 478 644 524 liberos
655 494 707 524 cum
719 494 765 526 cae·

100 544 151 591 teria
170 543 232 590 idem
253 543 327 588 aetatis
346 542 456 589 nobilibus
474 543 577 589 sedentes
596 544 664 597 vesci,
681 545 705 589 in
724 543 764 590 ad·

99 616 176 670 spectu
198 606 383 669 propinquorum,
402 605 492 668 proprii
510 615 533 654 et
555 608 656 668 parciore
677 606 765 656 mentiti.

98 671 147 721 litte
166 672 275 735 epulante
287 669 427 726 Britannico,
442 671 494 733 quia
511 672 573 718 cibor
587 677 699 732 potusque
715 673 764 735 ejut

97 738 197 786 ddectua
208 751 238 783 ex
249 736 358 783 ministris
373 743 442 797 gustu
456 737 593 798 explorabat,
605 750 635 782 ne
646 736 762 783 omittere-

96 810 131 849 tur
141 802 279 855 inatitutum,
298 808 337 849 tut
355 802 470 862 utiturque
485 808 558 847 morte
568 802 700 863 proderetur
711 816 761 848 sce·

94 867 134 921 lut,
143 868 196 915 talia
207 865 273 913 dolus
284 873 385 927 repertus
396 872 437 912 est.
470 864 569 913 Innoxia
579 866 651 912 adbuc
663 881 689 912 uc
699 882 759 928 prae.-

93 933 164 981 ulida
181 940 207 979 et
225 931 293 977 libata
316 938 385 992 gustu
409 931 471 993 potio
491 931 585 978 traditur
606 930 756 979 Britannicoz

93 997 151 1052 dein,
161 1003 284 1058 postquam
291 994 381 1043 fervore
388 996 567 1058 adspernabatur,
576 995 659 1058 frigidi
669 997 692 1042 in
701 994 760 1057 aqud

92 1061 215 1110 affunditur
225 1075 346 1116 venenum,
357 1060 417 1122 quud
428 1063 460 1108 ita
470 1067 564 1108 cunctos
574 1062 622 1123 ejus
635 1066 697 1108 artus
707 1076 759 1122 per·

93 1128 158 1182 vaait,
177 1133 205 1175 ut
219 1142 266 1174 vox
276 1127 360 1188 pariter
370 1133 394 1173 et
404 1126 494 1187 spiritus
505 1134 642 1186 raperentur.
675 1124 758 1187 Trepi-

92 1192 157 1239 datur
175 1207 190 1240 a
210 1191 444 1248 circumsedentibus3
461 1190 582 1251 diffugiunt
597 1190 757 1250 imprudenter.

91 1257 131 1311 At,
146 1257 228 1318 quibua
244 1256 310 1305 altior
321 1255 454 1310 intellectus,
467 1257 574 1302 resistunt
583 1252 657 1308 defixi,
670 1262 694 1299 et
705 1253 756 1301 Ne-

89 1337 168 1368 ronem
179 1323 302 1369 intuentes.
333 1320 383 1374 ille,
395 1328 421 1367 ut
431 1328 479 1367 erat
490 1319 586 1372 reclinis,
598 1326 621 1365 et
636 1319 711 1365 nescio
723 1319 755 1366 si·

89 1386 157 1442 milis,
169 1386 261 1437 nclitum
272 1388 312 1442 ita,
323 1387 361 1441 ait,
377 1400 418 1446 per
435 1384 569 1432 comitialem
581 1384 690 1439 morbum,
709 1398 754 1445 quo

89 1453 187 1514 primum
195 1452 223 1498 ab
233 1448 329 1498 infantid
339 1450 483 1498 afflictaretur
494 1449 645 1505 Britannicus,
661 1455 685 1495 et
696 1449 756 1496 redi-

89 1525 154 1564 turos
171 1514 287 1578 paulatim*
298 1516 362 1562 visus
378 1531 508 1576 sensusque.
541 1514 575 1560 At
591 1514 725 1577 Agrippinae
736 1514 756 1562 it

89 1596 166 1643 pavor,
184 1595 212 1628 ca
223 1582 374 1628 consternatio
393 1581 481 1635 mentis,
502 1579 604 1640 quamvis
623 1580 687 1626 vultu
702 1595 755 1641 pre·

88 1653 195 1699 meretur,
207 1646 305 1700 emicuit,
324 1652 356 1699 ut,
375 1645 467 1706 perinde
480 1645 582 1705 ignaram
598 1643 705 1691 fuissene
717 1660 754 1691 so·

88 1726 162 1759 rorem
174 1709 301 1759 Britannici
312 1709 438 1759 Octaviam.
457 1709 596 1756 constiterit:
616 1710 697 1771 quippe
713 1709 755 1756 ribi

87 1791 218 1838 unpremum
228 1775 337 1823 auxilium
349 1782 456 1836 ereptum,
470 1782 492 1820 et
503 1773 612 1836 parricidii
624 1774 753 1835 exemplum

87 1841 236 1903 intelligebat.
269 1840 365 1887 Octavia
379 1854 474 1900 quoque,
491 1839 594 1899 quamvis
610 1838 700 1886 rudibus
711 1854 753 1885 an·

86 1907 129 1961 nis,
148 1905 257 1958 dolorem,
275 1906 398 1958 caritatem,
417 1920 496 1950 omues
513 1902 606 1950 affectus
617 1904 754 1951 abscondere
802 1904 807 1911 “

83 1971 198 2018 didicerat.
232 1968 270 2016 Ita
287 1978 340 2031 post
358 1971 426 2016 breve
442 1969 562 2022 silentium,
581 1969 674 2028 repetita
692 1982 750 2014 con·

85 2036 140 2083 vivii
151 2033 240 2082 laetitia.

116 2098 209 2148 XVH.'
222 2099 280 2146 Nox
294 2099 373 2146 eadem
392 2113 471 2145 necem
488 2095 614 2145 Britannici
630 2104 654 2143 et
670 2111 752 2157 rogum

86 2166 212 2228 conjunxit,
223 2165 315 2226 proviso
331 2171 384 2211 ante
394 2163 482 2210 funebri
493 2170 577 2224 paratu.
596 2162 634 2221 qui
651 2161 754 2209 modicus

87 2231 138 2278 firit.
173 2229 203 2276 in
223 2228 312 2289 Campo
331 2237 406 2276 tumen
424 2228 507 2274 Martis
526 2226 626 2288 sepultus
645 2226 756 2281 eutarico

86 2296 181 2343 turbidis
201 2295 315 2349 imbribus,
339 2300 364 2341 ut
383 2294 466 2354 vulgus
489 2294 544 2338 iram
566 2293 632 2338 deilm
651 2291 755 2353 portendi

84 2361 206 2408 crediderit
217 2361 325 2407 advertus
334 2357 428 2413 facinus,
440 2359 476 2403 cui
487 2357 587 2421 plerique
599 2357 667 2403 etiam
678 2357 753 2403 homi-

79 2440 135 2470 num
146 2426 303 2484 &noscebant
322 2426 428 2488 antiquar
447 2424 548 2476 fratrum
558 2423 769 2474 discordiarum·

70 2488 179 2532 motabile
189 2503 291 2550 ragnum
304 2493 464 2546 aestimantes.
494 2494 613 2547 Tradunt
621 2492 731 2559 pictique
741 2505 786 2538 en-

60 2559 112 2592 “¹⁰²
125 2557 259 2612 ‘mmmm
272 2560 415 2625 scriptores,
437 2568 535 2618 crebris
555 2574 616 2617 ante
632 2561 738 2613 eutitium
749 2557 806 2606 bbe-

40 2605 219 2723 &azimum
232 2617 288 2674 5⁸⁸2
308 2635 430 2693 pueritiae
447 2637 602 2691 Britannici
609 2632 773 2712 Neronemt
792 2625 827 2668 nt

167 2694 339 2761 Praematum,
355 2719 449 2773 ”eque
463 2728 543 2764 saeva
556 2725 636 2764 ruore
653 2704 779 2763 ddmd

526 2799 550 2831 ι
561 2789 580 2832 ‘d
