1680 3188
77 431 126 477 192
247 422 445 478 GERMANIA.
465 422 526 475 cn.
535 426 574 474 16.

73 559 172 622 exigunt
179 558 239 606 enirn
247 559 353 622 principis
361 557 395 604 sui
403 557 534 605 liberalitate
541 555 744 605 illumbellntorern

73 638 167 686 equum,
177 626 238 672 illum
250 630 364 671 cruentam
376 623 535 683 victricemque
540 620 658 669 frameam.
682 621 745 671 Nm

76 689 158 750 epulae,
169 697 198 744 et,
210 704 343 750 quamquam
355 689 454 743 incomti,
465 688 523 748 iurgi
534 694 610 734 tomen
618 694 744 750 apparatur,

70 768 117 815 pro
129 755 238 815 stipendio
250 755 339 801 cedunt.
364 752 463 799 Materia
471 750 745 814 munificenriaeperbelh

75 825 100 864 et
111 826 200 880 ruptus:
224 835 265 866 nec
276 834 338 865 oraro
349 826 437 872 terrum,
453 824 492 863 aut
506 824 638 878 aspectare
652 830 744 873 anunm,

70 889 123 929 tom
134 882 200 930 focile
210 885 352 944 persuaseris,
361 897 427 943 quam
436 897 517 928 vocure
524 882 607 935 hoster,
620 888 644 928 et
651 882 745 929 vulnere

72 948 165 994 mereri.
197 947 291 1010 Pigmm
306 948 429 1008 quinimmo
441 954 465 992 et
478 947 538 994 iners
553 947 650 1004 videtur,
663 947 745 995 rudore

75 1013 197 1074 acquirere,
210 1015 269 1074 quod
280 1014 352 1074 possin
363 1012 472 1073 sunguine
482 1026 567 1072 parare.

109 1077 166 1125 XV.
185 1078 281 1133 Quoties
292 1077 350 1124 bella
360 1091 406 1123 non
416 1077 502 1129 ineunt,
513 1077 610 1122 multum
619 1077 744 1133 venatibus,

74 1141 126 1204 plus
143 1158 184 1205 per
202 1145 273 1191 otium
292 1142 425 1203 transigunt,
448 1141 516 1186 dediti
539 1156 620 1188 somno
642 1142 743 1204 mboque.

76 1205 222 1255 Fortissimus
241 1209 335 1269 quicque
352 1222 378 1253 ao
394 1206 577 1253 bellicosissimus
592 1206 650 1252 nihil
664 1220 743 1269 agenr,

72 1271 181 1334 delegati
190 1274 270 1321 domitu
281 1282 304 1319 et
314 1273 428 1334 penatium
440 1278 463 1317 et
473 1286 579 1332 agrorum
591 1268 646 1318 ouri
653 1270 742 1319 lerninis

73 1338 209 1398 senibusque
221 1345 244 1384 et
251 1337 401 1384 infirmissimo
413 1337 493 1397 cuique
501 1334 636 1393 exfumiliri3
652 1334 742 1397 iprilto·

74 1401 140 1460 bent;
161 1402 217 1449 miri
232 1403 361 1449 diversitate
377 1409 470 1457 nuturae,
487 1415 539 1447 oum
555 1401 623 1447 iidem
640 1401 742 1449 homiues

75 1468 107 1512 sic
118 1474 195 1514 ament
205 1469 313 1521 inertiam,
325 1476 348 1513 et
360 1466 447 1514 oderint
457 1467 563 1527 quietem.
596 1464 653 1512 Mor
664 1474 701 1513 ert
709 1467 741 1515 ci·

73 1532 186 1584 vitatibus.
206 1533 265 1579 ultro
283 1548 309 1579 uo
328 1533 411 1579 viritim
428 1531 530 1578 conferre
545 1532 689 1594 principibus.
705 1530 742 1578 vel

74 1605 226 1644 armentorum
238 1598 275 1643 vel
285 1597 383 1659 frugum,
395 1597 462 1657 quod,
473 1613 514 1659 pro
523 1597 608 1643 honore
616 1604 740 1658 acceptum,

73 1662 142 1707 etium
161 1663 330 1709 necessitutibus
352 1663 461 1709 subvenit
499 1662 607 1708 Gaudent
628 1661 741 1724 praecipue

74 1724 219 1773 finitimorum
230 1729 331 1789 gentium
342 1728 414 1781 donis,
428 1741 479 1787 quae
494 1742 540 1774 non
553 1726 623 1773 morlo
637 1728 739 1788 utringu-

73 1790 109 1846 lis,
121 1792 160 1838 red
170 1792 263 1855 publice,
276 1793 409 1839 mittuntur:
428 1792 493 1838 electi
504 1792 563 1850 equi,
576 1806 662 1854 magno
672 1806 740 1847 armo,

71 1856 178 1917 phalerae,
190 1864 332 1918 torquesque.
363 1855 415 1904 Jom
426 1865 450 1904 et
459 1857 575 1918 pecuniam
586 1857 689 1919 accipere
699 1856 739 1903 (lo-

73 1935 169 1969 enimus.

106 1985 177 2034 XVI.
194 1986 275 2036 Nullae
287 1988 453 2036 Germanomm
464 1987 551 2050 populis
562 1987 628 2035 urbes
639 1987 739 2043 habituri,

69 2051 126 2097 ontis
142 2060 220 2098 notum
233 2062 281 2100 est:
301 2055 385 2116 nepoti
396 2054 485 2115 quidem
496 2055 554 2100 inter
566 2069 590 2100 se
598 2055 693 2115 junctos
704 2068 739 2100 so·

72 2116 119 2162 des.
152 2115 237 2164 Colunt
248 2119 336 2165 discreti
348 2135 374 2166 oc
385 2120 473 2174 diversi,
489 2126 515 2164 ut
528 2118 586 2172 fons,
603 2125 629 2164 ut
640 2132 738 2180 campus,

70 2190 96 2226 ut
108 2196 186 2228 nemus
197 2182 286 2243 placuit.
310 2183 380 2230 Vicor
390 2185 472 2239 locant,
484 2198 530 2229 nou
541 2184 564 2229 in
575 2192 679 2230 nostrum
690 2199 739 2228 mo-

68 2260 127 2299 ·rem,
143 2249 250 2294 connexis
261 2256 284 2295 et
295 2249 457 2295 cohaerentibus
469 2247 582 2294 aedificiisr
602 2262 666 2294 sunm
678 2248 738 2308 quiz·

69 2324 115 2370 que
134 2312 226 2358 domum
246 2315 316 2374 eputio
335 2314 464 2368 circumdat,
485 2314 532 2360 eive
550 2314 657 2359 adversus
674 2327 739 2359 onnus

71 2375 132 2437 iguis
148 2379 277 2434 remedium,
295 2380 343 2426 sive
359 2378 448 2425 insciti&
464 2377 594 2424 aediiicondi.
635 2375 675 2424 Ne
693 2392 738 2423 cae·

70 2451 199 2488 mentorum
216 2445 305 2504 quidem
324 2444 382 2506 apud
399 2444 449 2489 illos
466 2450 504 2489 aut
520 2443 647 2504 tegularum
667 2457 735 2488 unus:

70 2506 164 2552 muterii
178 2509 206 2553 od
220 2510 295 2555 omnia
309 2516 403 2554 utuntur
417 2508 513 2561 informi,
531 2515 554 2553 et
569 2509 626 2554 citro
640 2508 738 2568 speciem

70 2580 109 2616 aut
121 2571 296 2619 delectationem.
328 2573 438 2628 Quaedam
450 2573 499 2619 loca
509 2573 640 2634 diligentius
648 2572 739 2619 illinunt

70 2634 136 2689 terri,
153 2637 185 2683 ito
195 2637 252 2699 puri
266 2653 292 2684 ac
307 2638 444 2699 splendente,
461 2645 486 2685 ut
500 2639 610 2700 picturam
626 2653 652 2683 oc
667 2638 737 2683 lineo·

69 2707 147 2747 menta
169 2703 268 2749 colorum
291 2704 397 2748 imitetur.
436 2703 515 2750 Solent
536 2710 559 2749 et
580 2703 738 2749 subterraneos

69 2780 149 2825 specus
164 2769 262 2828 operire;
283 2783 366 2829 eosque
380 2768 451 2814 multo
468 2769 558 2829 insuper
570 2766 625 2813 fimo
635 2774 738 2822 onerant,

67 2828 191 2891 suffugium
207 2834 274 2879 hiemi
290 2841 313 2879 et
328 2833 492 2893 receptaculum
507 2833 624 2895 frugiburr
643 2833 697 2893 quin
706 2832 737 2878 ri·

59 2909 145 2957 eorem
157 2897 270 2964 frigorum
281 2899 395 2964 ejusmoni
400 2899 461 2946 loc-‘u
465 2899 588 2953 molium
597 2904 631 2952 ct..
639 2897 737 2957 uiuum·
