1680 3188
354 125 551 178 GERMANIA.
571 127 631 180 Car.
643 132 681 177 10.
801 133 840 176 18

181 254 275 322 precum
287 266 310 306 et
319 260 408 322 objectu
418 267 541 322 pectorum,
553 267 576 306 et
587 257 712 308 monstrati
722 259 834 307 comminu

181 325 320 387 captivitate,
331 340 397 386 quam
408 325 478 386 longe
489 326 640 387 impatientius
650 326 783 372 feminarum
795 340 836 372 sua

180 405 232 436 rum
249 391 341 436 nomine
356 391 452 447 timent;
474 391 536 444 adeo,
553 398 578 436 ut
595 390 706 437 efficacius
722 390 836 452 obligentu

180 455 250 500 animi
266 455 388 509 civitatum,
406 455 485 515 quibus
500 456 559 501 inter
569 456 656 501 obsides
667 455 748 517 puellae
759 470 840 516 quoqu

180 518 267 565 nobiles
278 519 423 580 imperantur.
456 518 535 566 Inesse
547 521 601 580 quin
614 521 680 566 etiarn
692 527 794 566 sanctum
805 520 833 566 al'

180 584 234 643 quid
245 592 269 630 et
279 585 396 646 providum
407 591 499 646 putant:
518 600 559 631 nec
570 593 609 630 aut
619 585 712 631 consilia
722 599 797 631 earum
806 584 834 630 ad

179 658 321 709 spernantur,
338 658 377 695 aut
393 664 500 710 responsa
516 650 642 711 negligunt.
675 649 786 703 Vidimus,
805 665 840 694 ιιιι

179 713 233 759 divo
248 712 396 775 Vespasiano,
414 713 529 769 Veledam,
546 715 583 760 diu
597 715 655 774 apud
669 715 788 775 plerosque
802 728 833 760 uu

178 778 247 823 minis
257 779 309 824 loco
320 779 423 824 habitam.
457 779 500 825 Sed
512 785 534 824 et
545 779 598 825 olim
615 781 732 824 Auriniam
748 787 832 825 etcum

177 841 254 903 plures
265 843 320 888 alias
332 844 432 889 venerati
447 851 505 897 sunt,
521 857 567 890 non
582 844 713 898 adulatione,
730 858 772 890 nec
786 850 831 890 tam

177 922 245 967 quam
256 906 357 954 facerent
367 908 427 954 deas.

211 969 258 1017 IX.
273 971 376 1018 Deorum
386 973 483 1020 maxime
491 972 631 1020 Mercurium
640 975 723 1029 colunt,
735 975 771 1021 cui
779 980 840 1020 certi

177 1035 367 1083 (liebushumanis
376 1039 759 1098 quoquebostiislitaresasbabent,
781 1038 833 1086 Her

176 1101 252 1147 culem
264 1116 290 1147 ac
302 1102 402 1149 Martem
413 1104 526 1149 concessis
536 1103 666 1149 animalibus
676 1103 776 1164 placant:
793 1119 840 1165 par.

176 1164 305 1212 Suevorum
321 1174 344 1213 et
359 1165 413 1214 laidi
428 1167 544 1214 sacrificat.
579 1167 646 1214 Unde
663 1182 729 1214 causa
743 1174 766 1214 et
779 1169 839 1231 orig

174 1231 298 1293 peregrino
314 1246 384 1287 sacro,
400 1248 478 1294 parum
495 1233 600 1294 comperi,
617 1233 659 1278 nisi
676 1233 736 1292 quod
752 1233 836 1294 signuu

174 1295 257 1357 ipsum,
269 1296 292 1341 in
301 1297 393 1342 modum
401 1298 494 1343 liburnae
502 1297 630 1360 figuratum,
642 1298 714 1350 docet,
726 1297 783 1344 adue
811 1320 813 1335 ι
825 1319 837 1338 ιι

174 1360 317 1421 religionem·
345 1360 467 1415 Caeterum‚
480 1378 521 1409 nec
532 1364 635 1409 cohibere
647 1363 767 1423 parietibus
786 1383 830 1401 v·¹

174 1438 250 1485 neque
261 1424 284 1486 in
300 1425 367 1471 ullam
383 1427 474 1473 humani
490 1429 534 1473 oris
550 1430 647 1488 speeiem
662 1427 797 1482 assimulare,

174 1491 332 1551 magnitudine
343 1491 469 1538 coelestium
481 1494 624 1539 arbitrantur:
641 1493 705 1538 lucos
716 1506 742 1539 ac
750 1506 840 1538 nemer

175 1561 316 1608 consecrant,
337 1556 474 1616 deorumque
492 1558 619 1604 nominibus
637 1557 750 1619 appellant
768 1572 827 1604 sec:

174 1624 222 1666 tam
234 1619 296 1674 illud,
309 1622 368 1681 quod
380 1621 428 1667 sali
438 1621 564 1667 reverentii
575 1623 658 1668 vident.

206 1682 239 1730 Χ.
257 1684 371 1746 Auspicia,
384 1692 507 1747 sortesque,
520 1693 544 1732 ut
555 1687 592 1747 qui
601 1688 703 1739 maxime,
715 1688 824 1735 obseruari

174 1748 275 1796 Sortium
287 1751 426 1796 consuetudo
441 1752 546 1812 simplex:
566 1753 660 1814 virgam,
675 1752 790 1815 frugiferas
804 1768 829 1800 ar

172 1813 222 1859 bosi
241 1814 346 1869 decisam,
367 1817 389 1861 in
409 1817 511 1862 surculos
530 1824 652 1877 amputant,
672 1833 763 1879 eosque,
781 1818 836 1865 not'

172 1878 304 1938 quibusdam
319 1880 435 1936 discretos,
451 1897 518 1942 super
532 1883 648 1928 candidam
658 1892 744 1929 vestem
756 1890 816 1929 teum
832 1904 840 1922 ιῚ

171 1957 198 1989 ac
208 1943 303 1990 fortuito
314 1953 434 2010 spargunt:
453 1961 514 2000 mox,
526 1947 544 1992 si
556 1947 643 2007 publice
653 1948 789 2002 consulatur,
807 1982 822 1988 ,ι

171 2008 252 2054 eerdos
263 2009 366 2065 civitatis,
381 2011 416 2056 sin
426 2011 537 2072 privatim,
552 2012 599 2072 ipse
613 2011 772 2072 paterfamiliae,
789 2029 804 2074 p
820 2034 823 2039 ·

169 2079 235 2119 catus
251 2073 312 2128 deos,
327 2075 456 2135 coelumque
471 2076 600 2136 suspiciens,
615 2084 650 2121 ter
661 2077 762 2137 singulos
772 2077 821 2123 tolli

169 2138 277 2191 sublatos,
289 2140 412 2186 secundum
423 2141 553 2202 impressam
569 2146 621 2186 ante
634 2148 717 2194 notam,
729 2142 823 2203 interpr

169 2206 238 2248 tatur.
263 2202 288 2249 si
298 2205 465 2265 prohibuerunt,
477 2205 537 2251 nulla
545 2205 573 2251 de
581 2203 659 2251 eidem
668 2220 692 2250 re
702 2205 725 2250 in
734 2207 839 2252 eurndem

169 2266 230 2312 diem
241 2268 391 2326 consultatio;
409 2271 442 2316 sin
454 2271 594 2332 permissum,
606 2271 754 2332 auspiciorum
766 2271 839 2317 adbuc

168 2329 224 2378 fides
243 2333 348 2394 exigitur.
381 2333 415 2381 Et
431 2335 486 2380 illud
503 2335 592 2394 quidem
611 2336 678 2381 etiam
697 2331 734 2380 hic
749 2342 838 2389 notum,

168 2396 246 2443 arium
252 2411 321 2443 voces
327 2398 460 2459 volatusque
468 2401 617 2461 interrogare:
632 2400 745 2461 proprium
753 2401 838 2461 gentis,

168 2474 278 2521 equorum
294 2477 383 2523 quoque
397 2465 507 2526 praesagia
517 2479 544 2510 ac
555 2465 653 2510 monitus
665 2465 774 2527 experiri:
793 2479 838 2527 pu·

167 2524 226 2571 bliee
242 2526 332 2573 aluntur
347 2527 427 2574 iisdem
443 2529 571 2575 nemoribus
587 2543 613 2575 ac
629 2528 685 2576 lucis
700 2529 794 2583 candidi,
813 2536 838 2577 et

165 2589 231 2635 nulio
238 2591 328 2640 mortali
335 2608 404 2656 opere
412 2594 527 2653 contacti3
539 2608 810 2657 quospressossseroeu

156 2653 271 2714 ”⁰⁸¹³ss
290 2673 317 2707 ³⁰
334 2675 385 2721 rex,
402 2661 446 2713 vel
457 2663 571 2730 prinecps
587 2660 700 2719 ιἰιιιιῖιι,
713 2658 835 2707 eonium&
