1680 3188
86 193 184 236 acuo.
249 160 695 247 annnorunu1arr11.cn.15y
735 162 768 243 τ4

87 323 190 369 redeunt.
217 321 309 370 Rursus
319 323 381 379 deus,
398 320 444 384 qud
455 323 522 370 silvas
532 326 685 386 pererraverit,
697 339 753 372 noc·

10 391 12 404 '
85 397 155 498 quruo
165 388 216 434 visu
233 388 386 445 demonstrat3
405 389 589 450 reperiunturque
598 389 656 436 susae
670 391 754 452 passim

96 468 150 500 erae.

119 516 193 564 XIV.
210 515 326 566 Caeterum
347 518 469 573 Gotarzes,
491 519 592 566 nondum
611 519 665 566 satis
686 527 754 567 aucto
812 555 814 557 »

87 584 195 637 exercitu,
215 582 309 630 flumine
328 581 414 630 Cormd
431 599 472 644 pro
490 585 632 630 munimento
650 586 696 630 utir
722 592 754 642 et,

87 663 222 709 quamquam
237 665 278 710 per
292 649 450 694 insectationes
464 656 487 696 et
503 650 595 695 nuntios
605 650 633 695 ad
648 649 753 710 proelium

86 720 213 766 vocaretur,
232 721 323 760 nectere
341 729 422 767 moras,
444 714 506 760 locos
525 720 619 769 mutare,
639 722 662 761 et
678 715 753 760 missis

87 779 261 839 corruptoribus,
276 779 402 825 exuendam
418 778 446 824 ad
463 777 530 827 iidem
547 779 623 826 hostes
640 779 755 826 emercari.

87 842 127 889 Ex
146 843 197 904 quis
212 841 291 890 Izates
311 842 434 897 Adiabena
453 858 508 889 mox
523 843 632 898 Acbarus,
652 843 754 890 Arabum

86 922 139 954 cum
151 909 258 963 exercitu,
270 908 399 962 abscedunt,
414 908 505 954 levitate
515 908 601 970 gentili,
616 916 640 954 et
650 910 703 970 quia
713 923 754 955 ex·

87 973 219 1034 perimentis
229 973 347 1034 cognitum
356 980 397 1026 est,
408 973 513 1019 barbaros
519 973 586 1019 malle
594 972 670 1019 Romi
677 981 755 1034 petere

86 1036 161 1100 re'ges,
172 1053 240 1098 quarn
249 1039 337 1085 babere.
370 1038 403 1084 At
412 1037 563 1093 Meherdates,
575 1038 654 1084 validis
665 1038 754 1085 auxiliis

88 1103 193 1157 nudatus,
204 1110 338 1150 caeterorum
349 1103 474 1164 proditione
485 1101 595 1164 suspecti,
611 1103 672 1163 quod
683 1119 753 1149 unum

86 1175 136 1214 erat
147 1168 265 1229 reliquum,
282 1183 330 1214 rem
345 1169 368 1213 in
379 1182 456 1215 casnm
467 1167 526 1220 dare,
543 1167 668 1229 proelioque
679 1183 753 1230 ,orpe-

88 1233 126 1279 riri
137 1234 224 1279 statuit.
256 1232 309 1279 Nec
320 1232 452 1284 detrectavit
462 1247 561 1294 pugnam
574 1232 694 1286 Gotarzes,
713 1233 753 1279 de·

87 1298 182 1344 minutis
193 1299 294 1345 hostibus
303 1296 376 1344 ferox.
399 1295 587 1358 Concursumque
598 1295 681 1359 magnai
692 1297 754 1344 caede

86 1370 110 1409 et
131 1363 239 1426 ambiguo
259 1369 359 1420 eventu3
382 1362 453 1409 donec
471 1361 608 1416 Carrhencn,
627 1361 754 1424 profligatis

87 1427 189 1474 obversis
207 1429 298 1490 longius
317 1434 427 1482 evectum,
449 1428 539 1489 integer
557 1443 570 1474 a
589 1434 655 1488 tergo
672 1427 753 1489 globus

86 1494 268 1540 circumveniret.
299 1491 360 1540 Turn
372 1492 433 1539 omni
445 1508 484 1554 spe
494 1489 586 1554 perditi,
598 1492 751 1549 Meherdates,

85 1559 198 1620 promissa
217 1558 343 1614 Parrhacis,
364 1558 450 1620 paterni
469 1557 563 1612 clientis,
586 1563 683 1613 secutus,
701 1557 753 1605 dolo

85 1624 135 1685 ejus
152 1623 257 1679 uincitur,
273 1623 412 1684 traditurque
430 1623 517 1670 victori.
550 1622 627 1684 Atque
644 1623 688 1677 ille,
705 1636 752 1669 non

85 1689 243 1751 propinquum,
261 1704 334 1750 neque
349 1689 442 1736 Arsacis
458 1688 572 1750 degente,
589 1688 629 1734 sed
645 1687 753 1750 alienige·

85 1752 139 1800 nam
151 1761 175 1800 et
186 1752 325 1808 Romanurn,
340 1755 464 1816 increpans,
481 1754 570 1800 auribus
581 1753 661 1800 decisis
675 1754 753 1799 vivere

81 1819 155 1881 jubet,
173 1819 272 1866 ostentui
283 1819 409 1866 clementiae
421 1833 475 1873 suae,
493 1825 516 1865 et
529 1819 553 1865 in
564 1833 606 1865 nos
617 1818 752 1864 dehonesta-

85 1892 172 1932 mento·
204 1884 268 1931 Dein
280 1884 395 1932 Gotarzes
410 1884 489 1931 morbo
505 1884 566 1938 obiit,
583 1884 712 1943 accitusque
728 1883 752 1928 in

84 1964 184 2011 regnum
205 1948 323 2005 Vonones,
346 1949 430 1996 Medos
450 1956 500 1996 tum
520 1948 650 2010 praesidens.
682 1946 753 1994 Nulla

84 2015 140 2062 huic
149 2029 257 2078 prospera
267 2028 307 2062 aut
317 2015 416 2068 adversa,
432 2010 484 2075 quis
494 2020 670 2060 memoraretur:
689 2012 757 2071 brevi¹

83 2088 109 2129 et
125 2079 225 2141 inglorio
239 2078 333 2142 imperio
348 2079 479 2141 perfunctus
490 2086 539 2135 cst;
556 2093 637 2141 resque
656 2075 751 2124 Partho·

84 2160 137 2192 rum
148 2145 172 2190 in
183 2143 255 2192 lilium
266 2145 314 2206 ejus
325 2144 457 2208 Vologesen
467 2141 589 2190 translatae.

118 2208 178 2256 XV.
193 2208 228 2256 At
242 2209 388 2256 Mithridates
400 2209 552 2271 Bosporanus,
569 2207 657 2254 amissis
673 2207 752 2268 opibus

81 2290 165 2338 vagus,
182 2281 327 2337 posteaquam
344 2274 446 2330 Didium,
463 2275 543 2320 ducem
558 2271 696 2327 Romanum,
714 2287 751 2318 ro-

83 2341 172 2401 burque
182 2340 295 2387 exercitas
312 2342 384 2388 abisse
393 2346 540 2406 cognoverat,
556 2338 652 2387 relictos
658 2337 687 2384 ἰιι
695 2351 762 2385 noso

78 2420 158 2464 tegno
174 2402 256 2465 Cotyn,
267 2404 370 2467 juventi
385 2409 475 2470 rudem,
494 2415 521 2459 et
529 2423 620 2476 paucas
629 2404 778 2470 cohortium

67 2465 196 2540 wmllulio
206 2469 300 2544 Aquild,
315 2478 397 2540 equite
409 2477 547 2542 Romano·,
565 2478 659 2546 spretis
668 2473 796 2534 otnant&

46 2540 149 2597 'portate
157 2541 276 2595 Milone-5,
290 2541 386 2598 illicere
400 2551 546 2619 perfugas}
565 2556 715 2618 POSllssmO,
729 2546 808 2609 exe?-

42 2595 93 2632 ⁶¹⁸¹¹
102 2601 192 2651 “m'’
204 2614 291 2665 regem
302 2607 528 2673 Dandaridarum
541 2620 682 2674 exturbat,
691 2612 824 2675 'wem'

24 2660 80 2705 ’με
90 2651 254 2722 ‘immus-
293 2677 369 2738 Quae
383 2690 433 2744 ubi
450 2693 578 2763 cognita,
600 2697 634 2745 et
645 2690 712 2760 'qam
725 2672 831 2747 '32qu
