1680 3188
59 108 159 156 aesc.
197 104 391 156 annaurim
402 104 517 155 mxv.
530 103 634 157 caeca
680 99 725 157 1e's

61 241 112 295 bas,
136 237 198 286 “Ne
213 239 257 286 hoc
275 234 389 298 quidem,”
409 238 487 299 inquit,
505 243 556 284 “ex
574 236 726 300 disciplindrl'

62 305 243 365 admonitusque,
262 301 350 349 fortiter
368 302 501 362 protendere
511 303 630 361 cervicem,
648 301 726 349 “Uti-

63 367 141 425 nam‚”
154 369 193 424 ait,
210 373 225 397 ‘⁴
233 376 258 414 tu
269 374 315 413 tam
326 366 414 412 fortiter
423 366 514 414 ferias.'’
538 367 571 414 Et
580 368 619 414 ille
630 367 726 414 multum

62 442 171 488 uomens,
180 447 232 479 cum
242 433 283 479 va
295 431 381 478 duobus
391 432 471 478 ictibus
484 440 550 494 caput
560 432 727 495 amputavisaet,

63 498 176 548 minam
186 497 246 559 apud
257 495 373 543 Neronem
381 496 483 574 jactavit,
501 495 642 559 sesquiplaga
657 499 727 544 inter·

63 562 150 617 fectum
161 577 176 608 a
187 577 212 608 ae
222 560 324 608 dicendo.

97 624 222 675 LXVIII.
238 624 371 672 Proximum
389 626 522 672 constantIae
536 626 663 688 exemplum
676 627 728 674 Sul·

64 693 138 757 picius
150 690 226 753 Aiper
241 690 343 736 centurio
353 691 462 751 praebuit:
481 692 620 752 percontanti
633 690 727 748 Neroni,

65 773 107 805 cur
117 758 142 803 in
150 756 235 803 caedern
247 770 310 802 suam
321 754 510 817 conspiravisset?
528 756 624 802 breviter
635 771 727 818 respon·

65 824 130 876 dens,
149 835 196 867 non
215 821 280 867 aliter
296 827 331 865 tot
340 817 432 880 flagitiis
442 822 490 882 ejus
501 820 611 866 subveniri
622 822 729 883 potuisse.

65 886 129 934 Tum
135 887 224 947 J'ussam
234 890 325 947 poenam
333 885 406 930 subiit.
438 883 489 930 Nec
500 887 576 930 caeteri
588 887 730 934 centuriones

65 953 89 998 in
112 950 262 1012 perpetiendis
281 949 395 1011 suppliciis
417 947 588 1010 degeneravere.
630 951 729 998 Arnon

67 1014 142 1063 Fenio
153 1013 216 1061 Ruso
225 1029 267 1076 par
274 1014 368 1067 animus,
380 1014 419 1060 sed
426 1014 597 1061 lamentationes
605 1030 656 1062 suaa
663 1017 730 1063 etiam

66 1081 92 1127 in
114 1086 275 1127 testamentum
292 1078 397 1125 contulit.
436 1078 597 1140 Opperiebatur
616 1079 687 1136 Nero,
704 1088 730 1127 ut

68 1144 182 1192 Vestinus
192 1159 282 1205 quoque
293 1143 373 1190 consul
389 1144 413 1188 in
432 1145 517 1189 crimen
532 1145 662 1199 traheretur,
680 1145 729 1192 vio·

66 1210 156 1257 lentum
168 1215 191 1255 et
200 1207 313 1255 infensum
324 1216 400 1254 ratus:
421 1207 460 1255 sed
470 1223 499 1254 ex
507 1209 627 1270 conjuratis
638 1210 731 1257 consilia

68 1290 122 1321 cum
139 1272 237 1320 Vestino
256 1288 301 1319 non
320 1273 462 1326 miscuerant,
481 1273 577 1333 quidam,
597 1274 691 1320 vetuatIs
706 1275 730 1321 ln

67 1354 121 1386 eum
133 1337 288 1393 simultatibus,
298 1338 380 1399 plures,
391 1339 443 1398 quia
453 1337 590 1398 praecipitem
602 1344 625 1384 et
635 1339 731 1385 iusociai-

67 1403 137 1450 bilem
149 1403 275 1449 credebant.
309 1399 424 1449 Caeterum
442 1401 542 1448 Neronis
560 1402 636 1448 odium
651 1403 730 1450 adver·

69 1483 109 1515 sus
121 1466 243 1514 Vestinum
254 1481 283 1513 ex
295 1465 373 1512 inunt
384 1467 500 1514 sodalitate
511 1475 615 1530 coeperat,
627 1467 680 1513 durn
695 1469 732 1515 hic

68 1533 185 1596 ignaviam
205 1531 314 1594 principle·
328 1532 417 1593 penitus
440 1533 553 1594 cognitam
573 1532 673 1594 despicit,
693 1533 732 1581 ille

67 1597 178 1645 ferociam
193 1597 258 1643 amici
269 1596 355 1651 metuit,
373 1610 434 1657 saepe
444 1597 527 1658 asperis
540 1596 627 1645 facetiIs
637 1597 732 1656 illusue;

68 1677 130 1724 quae,
141 1662 179 1709 ubi
188 1662 285 1707 multum
296 1675 325 1707 ex
335 1675 389 1707 vero
400 1659 495 1715 traxere,
506 1676 580 1708 acrem
597 1663 631 1708 sui
644 1678 731 1710 memo·

57 1728 128 1773 <riam
148 1725 282 1786 relinquunt.
320 1726 454 1773 Accesserat
475 1742 555 1788 repens
578 1742 650 1781 causa,
673 1729 733 1788 quod

69 1791 183 1838 Vestinus
191 1790 301 1838 Statiliam
308 1789 455 1837 Messallam
460 1792 602 1838 matrImonio
613 1793 654 1839 sibi
661 1794 732 1855 junx·

69 1864 128 1913 erat,
139 1855 198 1902 haud
209 1856 304 1910 nescius,
322 1855 381 1902 inter
397 1856 510 1903 adulteros
524 1857 572 1920 ejus
583 1864 606 1903 et
617 1854 732 1905 Caesarem

70 1935 129 1969 ease.

104 1983 201 2032 LXIX.
220 1984 300 2047 Igitur,
317 2002 362 2032 non
374 1987 473 2039 crimine,
491 2001 537 2032 non
548 1993 676 2034 accusatore
692 1994 733 2034 ex·

72 2050 174 2104 sistente,
185 2050 237 2110 quia
247 2052 344 2111 speciem
351 2051 434 2112 judicis
444 2050 535 2097 induere
545 2067 589 2097 non
600 2058 693 2113 poterat,
705 2053 734 2098 ad

71 2115 120 2163 vim
137 2113 296 2161 dominationis
314 2130 443 2168 conversus,
464 2115 600 2162 Gerelanum
621 2118 733 2163 tribunum

71 2194 125 2226 cum
144 2179 237 2226 coltorte
253 2181 350 2226 militum
365 2181 479 2235 immittit3
491 2181 600 2241 jubetque
611 2182 735 2241 praevenIre

72 2249 169 2291 conatus
186 2244 291 2299 consulis,
311 2260 418 2306 occupare
429 2245 491 2290 velut
502 2259 575 2290 arcem
587 2246 641 2305 ejus,
659 2246 734 2307 oppri-

72 2323 136 2355 mere
155 2308 262 2354 dclectam
281 2310 441 2372 juventutem
457 2309 509 2369 qula
529 2307 637 2355 Vestinus
659 2310 733 2355 immi·

72 2379 155 2419 nentes
169 2371 230 2420 Foro
248 2374 308 2420 aedes
325 2374 449 2434 decoraque
460 2374 551 2420 servitIa
569 2381 592 2419 et
603 2375 649 2434 pari
669 2381 736 2420 aetate

72 2437 175 2484 habebat.
208 2435 298 2485 Cuncta
307 2454 335 2485 eo
346 2439 381 2485 die
392 2440 469 2485 munia
487 2439 585 2485 consulis
597 2439 733 2500 impleverat,

72 2503 246 2562 conviviumque
256 2503 385 2558 celebrabat,
397 2504 451 2550 nihil
462 2511 571 2558 metuens,
587 2504 734 2551 andisaimu·

73 2566 141 2613 lando
152 2573 214 2612 metu
220 2583 229 2623 ;
246 2583 297 2614 cum
309 2569 405 2632 ingressi
415 2570 505 2625 milites,
519 2569 597 2616 vocari
606 2583 661 2615 eum
670 2569 737 2616 atri-

67 2631 142 2736 bapgi
156 2628 242 2680 aluere.
275 2631 327 2693 Ille,
348 2635 408 2686 nihil
426 2636 571 2694 demoratus,
589 2634 716 2697 exsurgat
732 2639 769 2701 ex³

143 2707 186 2741 .rr.
550 2718 571 2752 ῃ
