1680 3188
144 130 195 181 DE
211 128 442 180 ORATORIBUS.
458 127 519 181 Cu.
530 130 569 178 25.
641 133 688 180 wi

54 261 140 312 XXV.
157 260 219 310 Tum
231 262 340 316 Messala,
358 265 373 290 “
383 261 469 322 Sequar
479 275 493 309 a
503 267 527 309 te
536 261 693 324 praescriptam

19 328 127 387 somnam,
144 328 265 375 Materne:
286 341 360 387 neque
372 327 433 372 enim
445 327 482 373 (liu
493 326 691 374 contradicendum

19 402 57 442 est
75 395 147 456 Apro,
164 393 201 454 qui
217 392 322 454 primum,
339 398 365 437 ut
383 391 469 453 opinor,
482 393 584 445 ¹nominis
598 398 690 447 contro·

18 460 118 507 versiam
138 458 216 513 movit,
234 464 348 517 tamquam
363 471 441 518 pamm
452 457 541 519 proprie
551 456 636 518 antiqui
648 471 690 503 vo·

20 531 133 577 curentur,
142 537 202 585 ¹quos
214 522 268 568 sotis
276 527 365 568 constat
373 529 426 568 ante
433 529 525 568 centurn
533 536 605 569 annos
615 521 692 568 iniisse.

21 589 84 636 Mihi
101 596 176 636 nutem
192 587 221 633 de
235 586 343 651 vocabulo
361 601 438 648 pugna
452 601 498 633 non
515 593 562 635 est:
582 587 692 634 siveillos

21 655 136 715 antiquos,
154 652 314 714 sivemajorea,
331 652 432 712 sivequo
444 650 582 701 aliomafflt
592 653 691 707 nomine,

21 719 133 782 appellet:
148 717 270 764 dummodo
280 717 304 762 in
315 716 419 764 confesso
431 717 466 771 sit,
478 717 650 764 eminentiorem
660 717 689 762 il·

20 784 95 831 lorum
106 791 234 846 temporum
245 781 394 844 eloquentiam
403 781 479 829 fuisse.
507 780 546 829 Ne
555 782 589 829 illi
599 781 691 843 quidem

20 850 78 912 parti
100 848 210 896 sermonis
227 848 275 910 ejus
285 863 387 909 repugno
404 847 445 904 sic,
461 862 505 908 quo
522 847 597 894 minus
612 847 691 903 fruar,

19 914 98 977 plnres
113 913 199 960 formas
217 912 305 959 dicendi
319 913 386 960 mam
404 913 483 959 iisdem
495 913 590 968 saeculis,
608 912 691 959 nedum

23 979 125 1034 diversis,
143 978 265 1026 exstitisse·
299 976 351 1032 Sed,
368 993 413 1038 quo
432 978 500 1025 morlo
521 978 581 1025 inter
601 977 692 1025 Atticm

23 1051 125 1091 oratores
143 1044 224 1105 primae
241 1041 393 1090 Demostheni
412 1044 546 1098 tribuuntur,
562 1044 692 1106 proximum

22 1116 100 1156 autem
118 1110 193 1156 locum
209 1107 332 1155 AEschines
349 1116 374 1155 et
391 1107 519 1170 Hyperides
538 1115 560 1155 et
572 1106 655 1170 Lysim
670 1113 694 1154 et
717 1164 724 1171 Ι

23 1173 147 1236 Lycurgus
166 1173 275 1227 obtinent,
300 1173 400 1220 omnium
419 1182 495 1220 autem
512 1188 624 1221 consensu
643 1173 694 1221 haee

24 1247 139 1286 oratorum
157 1248 213 1286 aetas
231 1238 329 1285 maxime
345 1239 466 1300 probatur3
484 1239 516 1285 sic
527 1239 586 1301 apud
597 1253 639 1286 nos
650 1235 692 1286 ci-

23 1308 77 1351 cero
95 1305 186 1364 quidem
203 1311 299 1351 caeteros
316 1304 445 1351 eorumdem
458 1312 585 1366 temporum
598 1303 694 1350 disertos

25 1370 161 1426 antecessit3
180 1367 266 1416 Calvus
285 1377 360 1416 nutem
380 1376 403 1417 et
422 1370 517 1417 Asinius
533 1375 556 1416 et
575 1366 655 1418 Caesar
671 1374 703 1417 et.

27 1432 116 1482 Coelius
124 1442 148 1481 et
157 1434 243 1481 Rrutm
255 1436 352 1496 suojure
363 1443 387 1481 et
396 1435 506 1497 prioribus
517 1440 541 1482 et
550 1433 695 1496 sequentibus

26 1507 208 1560 anteponuntur:
228 1514 270 1546 nec
284 1498 358 1555 refert,
375 1500 436 1560 quorl
454 1501 513 1546 inter
528 1515 553 1546 se
565 1499 639 1562 specie
649 1498 704 1546 ‹lif--

24 1563 107 1620 serant,
117 1580 168 1611 cum
179 1579 264 1626 genere
275 1565 424 1612 consentiant.
457 1565 594 1618 Adstrictior
602 1562 694 1620 Calvus,

26 1631 169 1677 numerosior
179 1630 279 1685 Asinius,
291 1629 427 1692 splendidior
435 1628 521 1685 Caesar,
533 1630 629 1678 amarior
638 1627 694 1678 θω-

24 1695 77 1749 lius,
94 1696 186 1756 gravior
196 1694 291 1757 Brutus,
306 1695 462 1742 vehementior
475 1703 499 1741 et
513 1693 602 1755 plenior
615 1699 639 1740 et
651 1708 694 1741 va·

25 1759 109 1806 lentior
118 1759 213 1817 Cicer03
232 1775 311 1806 omnes
318 1767 394 1806 tamen
402 1760 504 1806 eamdem
515 1759 634 1806 sanitatem
646 1758 704 1806 elo·-

26 1825 127 1885 quentiae
137 1824 231 1871 seruntt
249 1832 280 1879 ut,
298 1824 317 1870 si
328 1825 428 1870 omnium
439 1824 522 1885 pariter
531 1822 601 1870 libros
611 1824 634 1869 in
645 1838 694 1871 ma·

26 1904 83 1937 num
100 1890 216 1946 sumseris,
233 1890 297 1944 scias,
314 1889 418 1950 quamvis
434 1889 457 1934 in
475 1888 569 1935 dirersis
588 1888 695 1951 ingeniis,

27 1969 78 2001 esse
89 1954 294 2016 quamdamjurllcii
308 1968 335 2000 ac
352 1953 475 2000 voluntatis
491 1953 660 2000 similitudinem
671 1962 695 2002 et

28 2020 196 2081 cognationem.
229 2017 297 2073 Nam,
314 2014 375 2078 quod
393 2017 491 2064 invicem
509 2033 533 2064 se
553 2018 694 2067 obtrectave-

27 2090 88 2138 runt,
106 2086 141 2148 (et
152 2091 272 2146 supersunt
282 2083 356 2144 aliqua
366 2082 466 2144 epistolis
477 2097 555 2129 eorum
564 2083 654 2139 inserta,
665 2098 696 2132 ex

27 2149 108 2210 quibus
118 2156 197 2195 mutua
207 2148 336 2211 malignitas
346 2146 471 2210 detegitur)
483 2162 529 2194 non
537 2155 573 2194 est
580 2155 696 2196 oratorum

27 2214 116 2268 vitium,
128 2214 169 2261 sed
179 2214 303 2260 hominum.
336 2210 398 2260 Nam
410 2220 434 2260 et
446 2210 543 2261 Calvum
555 2220 579 2258 et
587 2212 695 2261 Asinium

27 2285 52 2325 et
65 2279 139 2340 ipsum
155 2277 288 2327 Ciceronem
305 2279 374 2325 credo
389 2279 470 2326 solitos
481 2285 505 2325 et
514 2278 615 2324 invidere
631 2285 654 2326 et
667 2279 695 2326 li·

26 2358 88 2398 vere,
105 2351 129 2389 et
139 2345 227 2390 caeteris
235 2344 340 2390 humauae
350 2342 485 2391 infirmitatis
493 2344 554 2391 vitiis
564 2343 636 2390 affici:
656 2359 694 2391 so·

26 2408 74 2455 lum
86 2409 145 2456 inter
159 2409 200 2455 hos
214 2409 308 2456 arbitror
321 2408 419 2456 Brutum
430 2423 476 2456 non
487 2408 635 2470 malignitate,
652 2424 695 2456 nec

26 2472 118 2527 invidia,
135 2474 175 2520 sod
189 2474 319 2535 simpliciter
337 2481 361 2520 et
378 2475 484 2536 ingenue,
497 2474 608 2538 Judicium
625 2474 695 2521 animi

27 2539 63 2585 sui
81 2538 200 2586 detexisse.
234 2538 273 2585 An
290 2539 401 2586 invideret
416 2537 529 2593 Ciceroni,
545 2540 583 2600 qui
594 2539 649 2584 mihi
660 2540 696 2586 vi·

26 2603 94 2649 detur
109 2619 140 2650 ne
158 2601 245 2652 caesari
263 2603 355 2666 quidem
371 2605 498 2654 inuiiissel
522 2603 600 2657 Qui
612 2603 713 2646 *W*-

826 2182 836 2321 l

20 2665 120 2718 enum
131 2675 154 2718 et
168 2667 199 2721 C.
209 2669 315 2724 Laelium
331 2674 429 2733 attinet,
444 2680 471 2722 et
480 2671 579 2732 timim
591 2665 657 2713 ὼ
666 2661 836 2760 ὼ.
