1680 3188
91 134 147 176 ,1.0.
156 135 190 185 59.
223 130 416 184 ANNALIUM
427 134 678 186 Murciam.
725 140 756 192 51

93 271 146 326 post
157 266 324 313 damnationem
339 266 423 315 fractus
438 269 525 315 animo:
545 267 705 330 ferebaturque,
717 283 757 315 co·

93 328 157 391 piosb
169 338 193 376 et
202 332 266 377 molli
277 330 324 378 vita
334 340 444 380 secretum
455 333 509 379 illud
520 334 657 380 toleravisse.
673 333 757 380 Filium

92 395 142 454 ejus
159 394 297 442 Nerulinum
317 399 438 459 aggressis,
455 398 624 453 accusatoribus,
642 414 681 461 per
697 398 756 444 invi·

93 460 152 505 diam
163 462 234 522 patris
242 469 265 507 ct
273 462 367 508 crimina
375 464 551 524 repetundarum,
560 463 685 510 intercessit
695 463 757 525 prin·

93 538 154 634 cepqsi
166 535 282 586 tamquam
294 528 348 572 satis
359 525 447 589 expleti
457 527 548 574 ultione.

155 589 223 637 LIV.
236 589 282 636 Per
291 591 351 637 idem
364 599 457 653 tempus,
469 592 577 639 Octavius
586 593 679 654 Sagitta,
686 591 758 653 plebei

92 654 203 709 tribunus,
216 652 313 709 Pontiae,
324 657 423 703 mulieris
441 660 522 719 nuptae,
540 673 615 703 amore
624 666 711 709 uecors,
722 657 758 701 in-

91 720 200 780 gentibus
211 720 277 767 dcnis
291 721 429 772 adulterium,
441 729 535 776 ettnox,
549 728 573 768 ut
584 723 698 768 omitteret
708 735 757 766 ma·

92 783 168 838 ritum,
178 792 311 840 emereatur,
327 800 392 832 suum
404 788 569 833 matrimonium
580 786 721 848 promittens,
732 799 759 830 ac

94 850 184 910 nuptias
196 851 245 912 ejus
253 859 339 912 pactus.
364 851 415 906 Sed,
428 852 464 897 ubi
473 853 553 897 mulier
564 867 634 898 vacua
642 850 691 906 fuit,
703 863 757 897 nec-

93 919 142 959 tere
152 929 235 969 moras,
247 915 362 962 adversam
373 917 442 978 putris
459 917 597 963 voluntatem
616 916 709 970 causari,
721 928 758 962 re·

93 976 203 1039 partaque
226 995 266 1041 spe
289 980 375 1026 ditioris
396 982 505 1044 conjugis,
532 981 642 1043 promissa
668 995 759 1027 exuere·

94 1042 206 1090 Octavius
217 1050 297 1090 contra
307 1045 374 1091 modo
385 1047 497 1106 conqueri,
516 1046 583 1092 modo
602 1045 706 1099 minitari,
722 1044 757 1090 fa·

94 1122 154 1154 mam
166 1110 283 1170 perditam,
289 1111 406 1170 pecuniam
415 1111 543 1156 exhaustam
556 1112 680 1157 obtestans:
695 1108 759 1155 deni·

93 1186 139 1232 que
149 1175 252 1228 salutem,
264 1189 315 1234 quae
327 1175 462 1236 solareliquo
470 1181 536 1229 esset,
548 1175 637 1220 arbitrio
648 1176 696 1235 ejus
707 1188 759 1235 per·

94 1238 195 1285 mittens.
226 1239 271 1293 Ac,
286 1249 404 1301 postquam
420 1240 569 1301 spernebatur,
585 1246 675 1285 noctem
691 1252 759 1284 unam

95 1302 124 1349 ad
130 1303 235 1349 solatium
242 1305 321 1366 poscit,
333 1302 376 1366 qud
384 1304 499 1360 delenitus,
511 1304 602 1349 modum
610 1302 635 1348 in
645 1308 759 1365 posterum

95 1367 217 1414 adhiberet.
250 1369 360 1415 Statuitur
377 1384 431 1415 nox.
462 1368 495 1415 Et
513 1368 596 1414 Pontia
606 1367 759 1413 consciae'an-

95 1433 154 1479 cillae
165 1434 289 1480 custodiam
307 1434 401 1480 cubiculi
419 1435 517 1480 mandat.
550 1431 599 1487 lue,
612 1448 657 1479 uno
668 1447 719 1478 cum
731 1431 759 1478 li·

93 1497 168 1554 berto,
178 1498 264 1545 terrum
275 1506 338 1545 veste
347 1499 458 1545 occultum
471 1498 545 1545 infert.
576 1497 644 1552 Tum,
657 1505 682 1544 ut
697 1512 759 1543 asso·

94 1562 127 1607 let
138 1562 161 1609 in
172 1579 249 1610 amore
260 1570 283 1610 et
295 1562 333 1619 ira,
341 1565 424 1626 jurgia,
435 1579 521 1624 preces,
535 1563 681 1624 exprobratio,
694 1561 759 1608 satis·

94 1625 175 1684 facti03
200 1635 224 1674 et
238 1643 288 1690 pars
311 1630 452 1675 tenebrarum
468 1628 558 1674 libidine
581 1629 685 1689 seposita.
718 1626 758 1673 Ex

96 1689 140 1752 quia
151 1700 209 1739 aestu
220 1694 332 1749 incensus,
350 1694 405 1740 nihil
416 1701 553 1740 metuentem
570 1693 629 1739 ferro
644 1700 758 1739 transver-

95 1757 166 1811 berat,
178 1764 202 1804 et
210 1766 362 1805 accurrentem
374 1759 476 1805 ancillam
490 1758 582 1804 vulnere
593 1759 706 1811 absterret,
719 1771 760 1804 cu-

96 1821 217 1883 biculoque
226 1823 357 1885 prorumpit.
389 1822 484 1870 Posteri
495 1823 530 1868 die
541 1821 659 1868 manifesta
669 1823 756 1868 caedes:

96 1886 156 1932 baud
171 1889 290 1950 ambiguus
305 1903 430 1949 percussor.
464 1888 553 1949 Quippe
570 1884 701 1933 mansitasse
715 1883 760 1933 und

98 1953 279 2011 convincebatur.
311 1953 356 1999 Sed
362 1955 455 1999 libertus
466 1968 531 1998 suum
542 1952 596 1998 illud
606 1951 691 1998 facinus
707 1967 759 2012 pro-

97 2014 165 2074 fiteri,
176 2032 201 2064 se
209 2019 297 2080 patroni
308 2019 400 2080 injurias
411 2018 482 2064 ultum
497 2032 553 2062 esse.
586 2014 759 2063 Commoverat·

98 2094 143 2139 que
159 2083 268 2142 quosdam
286 2083 440 2145 magnitudine
456 2081 565 2142 exempli:
584 2081 655 2127 donec
674 2081 760 2134 ancilla,

98 2159 128 2190 ex
144 2148 239 2193 vulnere
262 2147 351 2202 reiecta,
369 2163 447 2193 verum
469 2147 566 2208 aperuit:
592 2145 760 2207 postulatusque

98 2211 157 2269 apud
168 2212 273 2259 consules
284 2219 367 2272 apatre
378 2211 508 2266 interfectae,
519 2217 637 2272 postquam
647 2210 761 2255 tribunatu

99 2274 189 2330 abierat,
201 2275 312 2323 sententia
322 2284 409 2339 patrum
420 2291 449 2323 ex
459 2276 511 2339 lege
521 2276 548 2321 de
560 2276 642 2322 sicariis
654 2273 760 2320 condem·

99 2346 172 2386 natur.

131 2404 210 2450 XLV.
226 2405 282 2452 Non
299 2407 374 2454 minus
384 2407 488 2472 insignis,
506 2421 533 2455 eo
544 2421 614 2463 anno,
624 2402 770 2467 impudicitia

88 2479 224 2536 magnorum
234 2472 291 2532 reip.
304 2473 420 2523 malorum
432 2476 529 2525 initium
538 2474 605 2524 iecit
634 2470 740 2522 Erat'm
749 2470 784 2525 ἢδ-

80 2529 242 2604 ''mesj‘bl'ffl
253 2535 279 2582 Ρ
276 2553 369 2600 ⁰Ppae³2
379 2541 411 2592 Τ.
423 2544 491 2595 Ollio
499 2554 571 2612 patre
581 2543 687 2610 genita3
700 2537 749 2588 seb
754 2551 802 2582 uu·

65 2597 121 2632 ’ΜΠ
138 2604 180 2636 Μ
194 2605 298 2650 materni
316 2621 464 2674 sumserat·,
483 2615 580 2665 illustri
597 2607 725 2662 memniia
742 2601 821 2662 YW·

50 2649 104 2700 Paef
118 2650 208 2713 Sabini,
228 2672 361 2726 consulari
379 2689 410 2730 et
435 2684 594 2752 triumphali
615 2684 713 2733 «leeme
726 2663 829 2740 llam
