1680 3188
60 130 156 178 J.c.⁵6·
204 131 399 189 ANNALIUM
407 131 542 186 mem
554 131 659 184 caara.
692 139 726 186 89
749 156 751 160 ⁴

60 264 139 326 periri:
159 271 291 327 quantoque
308 263 404 313 foediora
421 265 574 327 exprobrabat,
594 265 666 312 aerius
685 279 724 313 ac·

60 329 161 387 uendere,
180 331 260 386 donec,
276 331 299 377 vi
318 331 399 377 amoris
418 331 528 386 subactus,
548 338 642 378 exueret
657 331 722 378 obse-

59 395 135 454 quium
146 398 172 444 in
183 403 288 453 matrem,
308 394 445 456 Senecaeque
455 395 601 457 permitteret.
633 395 672 442 Ex
683 411 724 442 cu·

56 459 93 521 jus
110 459 259 509 familiaribus
275 462 378 507 Annaeus
390 461 495 516 Serenus,
507 460 648 508 simulatione
659 476 722 507 amo-

60 524 89 571 ris
101 525 212 574 adversus
229 527 331 575 eamdem
350 526 457 581 libertam,
479 526 561 587 primas
577 527 726 573 adolescentis

61 590 176 652 cupidines
194 592 315 646 velaverat,
333 593 499 652 praebueratque
516 606 605 646 nomen,
624 598 656 646 ut,
673 606 725 651 quae

59 656 163 719 princeps
174 653 401 703 furtimmulierculae
412 656 528 710 tribuebat,
545 656 582 703 ille
593 656 666 718 palam
679 656 724 702 lar-

59 718 153 781 giretur.
186 719 246 768 Tum
260 721 392 783 Agrippina,
403 721 475 774 uerna
486 722 576 776 artibus,
588 737 628 783 per
638 720 723 767 blaudi-

59 793 136 833 meuta
145 787 257 849 juvenem
268 787 368 848 aggredi,
387 802 452 833 suurn
469 787 544 848 potius
554 785 680 832 cubiculum
697 800 724 833 ac

58 851 132 897 ninum
144 850 233 908 offerre,
245 851 398 914 contegendis,
417 867 468 912 quae
479 852 550 912 prima
561 858 648 906 artaret
658 865 721 897 sum-

58 928 96 962 me
112 915 207 963 fortuna
219 924 358 977 expeterent.
391 916 453 971 Quin
471 924 494 964 et
512 916 622 965 fatebatur
640 916 722 962 intern-

58 980 170 1040 pertivam
186 982 335 1037 severitatem
353 989 483 1030 stauarum
500 997 575 1044 opum,
594 997 645 1042 quae
662 980 722 1028 haud

56 1047 135 1106 procul
150 1047 299 1108 imperatoriis
309 1049 406 1103 aberant,
421 1048 497 1108 copias
512 1048 626 1094 tradebat:
646 1053 672 1091 ut
686 1047 721 1092 ni·

58 1111 103 1159 mia
115 1125 191 1174 nuper
201 1112 325 1159 coercendo
340 1111 402 1169 filim
420 1113 450 1159 ita
469 1127 557 1161 rursum
568 1115 720 1172 intemperan-

57 1180 91 1222 ter
101 1176 208 1225 demissa.
240 1177 301 1232 Quae
312 1178 406 1227 mutatio
418 1193 490 1239 neque
501 1176 617 1224 Neronem
629 1176 722 1235 fefellit3

58 1246 81 1286 et
91 1242 190 1303 proximi
202 1243 324 1293 amioorum
336 1244 471 1298 metuebant,
486 1243 630 1302 orabantque,
642 1255 723 1289 cavere

57 1305 150 1357 insidias
160 1307 268 1363 mulieris,
277 1323 365 1370 semper
374 1309 462 1363 atrocis,
472 1315 519 1354 tum
531 1314 554 1354 et
563 1306 634 1353 falsae.
652 1304 724 1352 Forte

57 1369 101 1419 illis
120 1371 199 1421 diebus
212 1370 298 1426 (ἶπον,
314 1373 417 1433 inspecto
428 1380 514 1427 ornatu,
532 1387 577 1432 quo
596 1371 721 1432 principum

57 1436 168 1498 onningen
188 1451 214 1483 ac
228 1443 332 1498 parentes
346 1437 481 1493 effulserant,
501 1437 579 1498 deligit
594 1442 687 1493 vestem,
699 1441 723 1485 nt

56 1515 168 1562 gemmas,
185 1501 291 1562 misitque
304 1502 388 1551 donum
407 1502 479 1558 matri,
500 1501 561 1547 nulla
576 1497 720 1562 parcimonii,

57 1579 109 1613 mm
120 1566 242 1628 praecipua,
261 1573 285 1616 et
302 1568 378 1628 cupita
391 1568 447 1621 aliis,
465 1567 525 1627 prior
539 1565 642 1612 deferret.
676 1564 723 1612 Sed

58 1629 195 1692 Agrippina,
215 1645 262 1681 non
278 1631 314 1679 bis
331 1633 411 1680 instrui
422 1630 496 1677 cultus
507 1646 566 1684 suos.
585 1630 624 1676 sed
634 1631 723 1677 caeteris

58 1697 136 1749 areni.
155 1695 287 1758 proclamat,
301 1703 326 1742 et
336 1696 435 1742 dividere
445 1693 522 1749 filium,
534 1709 584 1755 quae
595 1702 677 1741 cuncta
692 1709 722 1742 ex

57 1758 107 1822 ipmai
120 1761 221 1811 baberet
254 1759 306 1809 Nec
324 1759 421 1816 defuere,
440 1761 479 1820 qui
497 1761 521 1806 in
539 1760 637 1807 deterius
652 1758 721 1807 refer·

90 1886 164 1935 XIV.
180 1888 213 1938 Et
228 1888 293 1935 Nero
304 1888 405 1937 infensus
416 1889 449 1942 iis,
468 1890 547 1951 quibus
558 1889 660 1950 superbia
670 1904 721 1935 rnu-

57 1953 133 2001 liebris
151 1955 293 2008 innitebatur,
313 1953 420 2001 demovet
437 1953 562 2002 Pallantem
573 1952 627 2001 curi
637 1969 719 2007 rerum,

57 2016 133 2080 quise
144 2016 242 2067 (lianffio
252 2019 376 2080 impositus,
394 2020 456 2066 velut
467 2021 573 2066 arbitrum
585 2020 649 2080 regni
666 2034 720 2080 age·

56 2084 111 2130 bat:
138 2082 301 2144 ferebaturque,
321 2084 465 2146 degrediente
484 2100 517 2136 eo,
538 2082 622 2145 magni
642 2098 719 2144 prose-

57 2150 175 2209 quentium
186 2148 336 2204 multitudine,
345 2164 390 2197 non
399 2150 492 2196 absurde
503 2149 599 2194 dixisse:
620 2146 634 2194 Ι
635 2163 658 2194 re
668 2147 721 2194 Pal·

56 2213 150 2269 lantem,
162 2221 188 2261 ut
197 2214 301 2276 ejuraret.
335 2215 394 2262 Sane
408 2216 523 2277 pepigerat
536 2212 616 2266 Pallas,
635 2229 664 2258 ne
680 2227 720 2258 cu-

53 2278 94 2340 jus
103 2278 158 2326 faeti
171 2280 195 2325 in
211 2281 350 2341 praeteritum
365 2281 547 2342 interrogaretur,
567 2293 675 2340 paresque,
685 2293 720 2338 ra·¹

40 2343 132 2409 ,bones
156 2359 209 2389 cum
232 2345 317 2404 republ.
337 2346 434 2392 baberet.
478 2345 582 2404 Praeceps
600 2351 652 2403 post
672 2343 722 2390 haee

57 2407 185 2468 Agrippina
196 2424 263 2456 mere
272 2409 301 2458 ad
313 2417 423 2460 terrorem
438 2419 461 2462 et
470 2411 561 2460 minas:
579 2407 732 2471 nsquepr'm-

47 2471 108 2546 Apis
114 2472 205 2520 auribus
216 2475 339 2535 abstinere,
361 2497 407 2544 quo
427 2483 509 2532 minus
524 2477 665 2532 testaretur,
680 2473 751 2525 aaut·

38 2536 143 2593 tunnparn
151 2551 209 2614 'etse
222 2539 407 2608 Britannicum,
430 2568 519 2604 veram
537 2551 693 2617 dignamque
707 2540 768 2590 st'n·

23 2604 81 2662 2⁶³¹
93 2606 247 2686 Wfflsslqssdn
254 2616 336 2676 patris
346 2619 463 2687 imperio,
472 2621 546 2689 quod
553 2619 653 2671 insutus
665 2620 696 2662 et
704 2609 785 2666 adol·

18 2658 83 2703 ω’
98 2675 146 2720 ²⁰⁰¹
162 2683 271 2734 ”dum
289 2689 388 2741 matris
411 2701 563 2745 exerceret.
583 2686 674 2738 'Non
692 2681 809 2731 duffii
