1680 3188
99 461 135 506 44
166 430 359 506 nunninus
370 446 614 506 crumenas.
647 458 765 533 ccam.

92 603 137 636 arec
146 592 288 636 accusatores
299 587 384 641 adesse,
404 586 443 635 aed
455 603 535 635 vocem
549 586 616 635 maius
626 601 657 635 ex
667 587 759 638 inimici

93 655 160 701 domo
170 651 251 702 afferri.
282 651 393 701 Refutare
410 653 512 699 tenebras
526 660 550 700 et
566 653 683 715 vigilatam
699 669 756 702 con.

93 719 155 766 rivio
166 723 263 774 noctem,
283 718 402 779 omniaque
419 718 539 765 temeritati
557 725 580 765 et
596 719 692 767 inscitiae
702 735 756 782 pro·

92 799 198 894 pmllalil.
214 847 253 895 Sic
262 847 332 895 lenito
342 847 448 909 primipis
459 855 526 903 metu,
539 855 563 895 et
573 848 624 896 luce
635 845 691 903 orti,
711 848 758 897 itm

91 914 121 960 ad
132 913 289 975 Agrippinam,
305 920 331 960 ut
347 920 450 959 nosceret
460 914 552 975 objecta,
572 913 756 974 dissolveretque,

92 979 131 1026 sel
151 977 219 1040 poeni
229 978 308 1025 lueret.
340 976 429 1026 Burrus
439 978 467 1024 iis
480 979 601 1034 mandatis,
618 977 707 1026 Seneci
717 993 758 1026 cc·

92 1059 148 1098 ram,
167 1041 317 1106 fungebatur:
337 1043 428 1092 aderant
442 1050 466 1089 et
481 1058 511 1089 ex
522 1044 606 1090 libertis
616 1044 693 1090 arbitri
703 1058 754 1090 aer·

91 1109 172 1155 monis.
204 1107 295 1155 Deinde
310 1123 324 1154 a
334 1107 416 1162 Burro,
425 1115 545 1169 postquam
555 1109 650 1155 crimina
660 1115 685 1155 et
699 1123 754 1156 auc·

90 1181 154 1222 tores
171 1173 282 1234 exposuit,
300 1172 418 1220 minaciter
435 1179 517 1219 actum.
550 1173 683 1234 A'grippina
694 1172 756 1220 fero-

91 1238 136 1285 ciae
145 1252 239 1293 memor,
257 1243 271 1266 “
278 1236 333 1284 Non
345 1235 438 1292 miror‚''
458 1238 537 1298 inquit,
554 1245 568 1267 ‘⁴
578 1237 684 1292 Silanum.
696 1253 755 1285 uun-

93 1317 160 1363 quam
171 1302 230 1349 edito
247 1308 319 1363 partu,
337 1309 435 1349 manum
453 1301 546 1348 affectus
560 1303 653 1364 ignotos
664 1304 755 1351 habere
782 1323 786 1327 ·

89 1367 176 1430 -Neque
189 1366 250 1412 enim
269 1366 361 1428 perinde
379 1381 393 1412 a
411 1368 539 1429 parentibus
555 1367 625 1422 liberi,
639 1383 708 1429 quam
725 1369 755 1415 ab

91 1428 204 1494 impudici
214 1431 308 1478 adulteri
318 1437 440 1479 mutantur.
466 1430 524 1488 Nec,
534 1433 556 1479 si
568 1430 653 1480 Iturius
663 1441 687 1480 et
698 1430 754 1480 Cal·

91 1498 169 1551 virius,
189 1493 376 1543 adesisornnibus
393 1485 497 1551 fortunis,
516 1498 662 1545 nouissimam
681 1499 754 1545 nusci-

90 1561 179 1624 piendae
190 1562 337 1608 accusationis
347 1576 440 1622 operam
451 1562 503 1608 anui
515 1563 646 1623 rependunt,
657 1563 708 1610 ideo
716 1569 757 1609 aut

88 1628 147 1673 mihi
158 1625 250 1673 infamia
266 1626 384 1686 parricidii,
404 1633 442 1673 aut
454 1624 541 1675 Caesari
552 1626 691 1674 conscientia
702 1629 756 1675 aub-

91 1692 218 1739 eundaest
248 1690 311 1739 Nam
332 1689 443 1738 Domitiae
457 1692 579 1739 inimicitiis
598 1686 682 1754 gratias
700 1707 757 1755 age-

93 1772 148 1810 rem,
160 1757 178 1803 si
188 1753 345 1803 benevolentiis
354 1770 443 1802 mecum
453 1757 478 1802 in
489 1755 606 1803 Neronem
617 1772 693 1805 meum
705 1773 755 1805 ccr-

88 1828 165 1868 -taretz
185 1835 252 1874 nunc,
270 1835 311 1883 per
325 1821 475 1868 concubinum
491 1823 618 1868 Atimetum
628 1829 653 1868 et
663 1823 754 1870 histrio-

94 1901 146 1933 nem
158 1884 272 1939 Paridem,
284 1887 347 1947 quasi
359 1900 433 1933 scenae
443 1885 529 1934 fabulas
540 1889 662 1949 componit.
685 1886 754 1936 Baia-

92 1966 143 1997 rum
155 1966 245 1998 suarum
255 1951 351 2013 piscinas
367 1951 492 2006 extollebat.
513 1968 564 1999 curn
581 1953 638 1999 meis
656 1953 756 2000 consiliis

86 2016 189 2078 adoptio,
201 2023 225 2062 et
235 2017 394 2078 proconsulare
399 2018 438 2078 jus
449 2025 473 2064 et
488 2017 614 2080 designatio
625 2018 755 2065 consulatds

90 2088 115 2128 et
137 2088 220 2128 caetera
238 2081 357 2142 apiscendo
376 2082 469 2143 imperio
487 2090 671 2144 praepararentur.
704 2083 755 2130 Aut

87 2147 193 2202 mutat,
205 2146 243 2207 qui
254 2147 357 2193 cohortes
367 2146 391 2192 ia
401 2145 464 2192 Urbe
471 2154 573 2201 tentatas,
583 2148 619 2208 qui
626 2149 753 2210 prouincia·

90 2227 141 2258 rum
157 2209 225 2257 fidem
235 2210 396 2266 labefactatam,
414 2211 510 2272 denique
525 2227 602 2259 seruos
612 2213 650 2259 vel
660 2213 754 2260 libertos

89 2277 119 2323 ad
130 2276 203 2322 scelus
214 2284 329 2338 corruptos
340 2284 426 2338 arguat.
460 2276 545 2324 Vivere
556 2294 607 2339 ego,
619 2277 753 2335 Britannico

90 2341 192 2404 potiente
209 2356 290 2396 rernm,
307 2340 425 2403 poteram?
441 2347 472 2397 at,
492 2343 511 2388 si
527 2341 629 2396 Plautus,
647 2350 686 2390 aut
702 2344 755 2403 quis

92 2406 163 2460 alius·
177 2420 247 2466 remp.
262 2406 403 2468 judicaturus
414 2408 547 2462 obtinuerit,
566 2407 649 2472 desunt
667 2407 754 2454 scilicet
788 2402 792 2421 ¹

90 2470 146 2516 rnihi
158 2478 305 2527 accusatores,
317 2472 355 2532 qui
367 2488 412 2518 non
423 2472 497 2527 verba,
509 2470 647 2534 impatientii
654 2473 755 2519 caritatis

90 2535 209 2595 aliquando
227 2537 322 2591 incanta,
343 2537 382 2583 sed
397 2552 424 2584 ea
439 2538 533 2584 crimina
543 2539 654 2599 objiciant,
665 2537 752 2599 quibus,

89 2599 132 2645 uisi
149 2615 163 2646 a
180 2599 232 2654 filio,
252 2602 337 2648 absolvi
354 2617 400 2649 non
419 2601 528 2664 possim.‘'
563 2601 697 2657 commotis
714 2603 754 2662 qui

86 2665 186 2718 aderant
204 2667 309 2727 ultroque
327 2667 417 2730 spiritns
435 2669 483 2730 ejus
503 2667 663 2730 mitigantibus,
680 2667 752 2713 collo·

72 2728 155 2794 quium
164 2727 209 2776 filii
219 2733 341 2794 exposcit:
363 2735 402 2782 uhi
414 2734 473 2782 nihil
482 2750 525 2798 pro
535 2731 680 2785 innocentia.
693 2731 759 2789 uuam

57 2784 195 2857 ὡῖἥᾶθῐθΐὲ
214 2813 260 2844 uec
282 2799 412 2859 beneficiis,
432 2802 502 2866 quasi
522 2800 681 2864 caprearum,
698 2794 773 2864 Q?

42 2856 114 2958 5:¹23
129 2858 178 2961 {ed
200 2863 320 2917 ultionem
343 2869 372 2918 in
394 2869 520 2919 delatores
539 2874 568 2915 et
584 2860 686 2929 proernin
702 2867 787 2901 miv*

109 2931 152 2962 ur.

52 2967 160 3032 XXII·
175 2987 352 3055 Praefectura
365 3021 489 3057 annonae
498 3001 590 3054 Fen'ro
595 2989 688 3045 natos
706 2973 800 3029 “mh
