1680 3188
87 435 121 482 86
185 425 757 479 ANNfflUMLnX1ucn.s.u.c.sos.
783 443 787 456 ·

87 577 139 626 gus,
150 567 200 608 tum
211 559 391 622 quoquebellnm
402 559 538 606 deseruerat.
569 557 652 621 Igitur,
664 561 690 608 in
700 561 756 608 urhe

87 641 217 674 sermonum
228 623 300 677 avida
316 624 504 684 quemadmodum
521 624 634 686 princeps,
650 626 691 672 vix
702 640 754 687 scp-

86 691 207 739 temdecim
224 703 295 735 annos
311 686 423 750 egressus,
435 689 549 750 suscipere
559 705 608 736 eam
619 691 704 737 molem
715 696 756 737 aut

86 755 217 820 propuhure
235 751 327 815 posset?
344 753 404 814 quod
423 754 546 807 subsidium
557 755 581 800 in
592 769 626 810 eo,
644 756 683 816 qui
694 771 708 803 a
718 755 753 801 ie-

86 818 149 877 minh
167 816 302 880 regeretur?
318 833 373 865 num
389 818 469 880 proelia
484 833 580 879 quoque,
597 827 621 865 et
636 835 755 883 oppugna·

86 886 161 933 tiones
172 883 267 938 urbium,
279 890 303 929 et
314 888 397 933 caetera
414 883 473 938 belli,
490 899 530 945 per
546 885 667 945 magistros
683 885 755 932 admi·

87 950 177 998 nisnari
194 954 293 1011 possent,
312 949 464 1009 anquirebant.
506 946 601 1000 Contra,
612 949 656 1004 alii,
674 949 756 997 melius

87 1015 197 1069 evenisse,
204 1014 323 1066 disserunt,
330 1028 397 1073 quam
406 1013 425 1059 si
435 1012 547 1059 invalidus
558 1012 650 1071 s'enecth
658 1020 681 1061 et
688 1015 755 1076 igna-

86 1079 127 1128 via
143 1078 251 1128 Claudius
270 1077 357 1124 militiae
373 1077 402 1124 ad
422 1077 509 1124 labores
523 1086 648 1134 vocaretur,
667 1079 755 1126 servili-

86 1147 129 1192 bus
136 1145 207 1207 jussis
219 1145 420 1205 obtemperaturus.
450 1141 550 1190 Burrum
562 1150 638 1190 temen
646 1150 669 1190 et
683 1143 754 1191 Sene-

88 1226 138 1257 cam
149 1209 271 1267 multarum
289 1223 364 1254 rerum
384 1205 523 1268 experientia
540 1209 657 1270 cognitos:
677 1216 700 1256 et
710 1210 754 1255 im-

88 1275 185 1337 peratori
200 1279 311 1334 quantum
322 1272 351 1319 ad
368 1273 436 1318 robur
453 1272 548 1318 deesse?
565 1288 616 1318 curn
632 1273 754 1320 octavode-

88 1341 147 1387 cimo
164 1340 238 1386 aetatis
249 1353 308 1385 anno
320 1335 365 1386 Cn.
374 1336 504 1399 Pompeius,
516 1338 664 1384 nonodecimo
676 1336 756 1387 Caesar

88 1404 234 1458 Octavianus,
254 1403 329 1450 civilia
345 1402 404 1448 bella
420 1401 574 1449 sustinuerint.
606 1402 716 1464 Pleraque
731 1404 756 1448 in

88 1467 178 1525 summis
187 1466 283 1523 fortuna,
299 1466 403 1528 auspiciis
418 1474 442 1514 et
459 1467 564 1522 consiliis,
583 1483 650 1528 quam
666 1468 717 1514 telis
732 1475 756 1515 et

87 1534 256 1596 manibusgeri.
284 1531 399 1579 Daturum
405 1532 472 1594 plane
480 1531 646 1587 documentum,
654 1533 756 1580 honestis

89 1617 118 1650 sn
129 1615 196 1648 secus
211 1598 289 1646 amicis
306 1604 412 1653 uteretur,
431 1597 450 1643 si
468 1597 555 1653 ducem,
572 1596 650 1644 smoth
663 1595 756 1652 invidid,

88 1666 213 1729 egregium,
231 1679 298 1725 quam
309 1663 328 1709 si
339 1661 485 1724 pecuniosum
504 1669 528 1709 et
544 1660 619 1725 gratiis
634 1663 755 1710 subnixum

88 1746 129 1794 per
140 1729 248 1785 ambitum
256 1727 372 1788 deligeret.
796 1774 799 1793 Ι

96 1814 99 1819 ·
121 1793 181 1840 VII.
198 1791 259 1839 Haec
267 1798 333 1852 atque
344 1791 397 1838 talia
407 1791 558 1852 vulgantibus,
567 1791 632 1839 Nero
639 1798 662 1839 et
669 1793 754 1856 juven·

88 1867 161 1908 tutem
180 1857 293 1919 proximas
308 1872 348 1917 per
357 1856 483 1918 provincius
494 1857 612 1917 quaesitam
624 1857 754 1919 supplendis

89 1923 190 1974 Orientis
205 1921 331 1983 legionibus
341 1921 463 1974 admoveri,
474 1921 620 1982 legionesque
631 1923 692 1983 ipsas
702 1938 755 1984 pro·

86 1994 138 2056 pius
149 1987 281 2036 Armeniam
292 1985 396 2041 ¹collocari
407 1986 488 2047 jubete
507 1985 609 2047 duosque
619 1994 708 2045 veteres
719 2002 756 2032 re·

88 2071 137 2119 ges,
150 2053 275 2115 Agrippam
289 2057 313 2096 et
328 2050 473 2105 Antiochum,
485 2051 590 2112 expedire
604 2052 685 2114 copias,
703 2050 756 2113 quls

90 2121 226 2170 Parthorum
243 2114 300 2161 fines
315 2116 375 2161 ultro
390 2115 512 2161 intrarent:
537 2115 605 2162 simul
620 2124 700 2178 pontes
714 2133 756 2178 per

89 2199 179 2235 amnem
191 2181 330 2242 Euphratem
338 2180 415 2242 jungi.
447 2179 480 2226 Et
490 2181 602 2226 minorem
621 2182 755 2230 Armeniam

87 2248 226 2312 Aristpbulo,
243 2246 358 2306 regionem
370 2245 491 2306 Sophenen
504 2245 604 2293 Soherno
620 2261 672 2299 cum
683 2247 756 2309 iusig-

85 2318 154 2364 nibus
164 2313 233 2374 regiis
244 2310 341 2357 mundat.
362 2310 508 2371 Exortusque
518 2311 542 2356 in
550 2317 651 2372 tempore
659 2312 756 2359 aemulus

87 2381 213 2442 Vologeso,
228 2375 288 2422 filius
307 2374 425 2421 Vardanes
430 2391 448 2431 ς,
460 2383 484 2421 et
500 2373 627 2425 abscessere
645 2375 757 2425 Armenii

88 2446 174 2499 Parthi,
184 2451 297 2502 tamquam
307 2439 421 2488 differrent
432 2440 522 2486 bellum.

120 2507 193 2557 VIII.
210 2507 255 2553 Sed
266 2505 324 2566 apud
333 2512 434 2552 senatum
443 2506 519 2552 omnia
529 2506 553 2552 in
564 2507 636 2569 maJus
644 2506 756 2555 celebrata

87 2584 141 2627 sunt
152 2571 269 2626 sententiis
285 2586 370 2627 eorum,
390 2571 428 2631 qui
444 2571 623 2632 supplicationes,
641 2579 665 2617 et
676 2571 755 2629 diebus

86 2638 273 2705 supplicationum
290 2643 378 2682 vestem
394 2636 488 2697 prinpri
504 2635 669 2699 triumphalem,
684 2643 755 2697 utque

85 2722 157 2757 ovans
169 2704 246 2751 urbem
257 2701 330 2754 iniret,
339 2701 470 2762 effigiesque
477 2701 532 2762 ejus,
539 2701 588 2762 pari
598 2701 755 2762 magnitudine

70 2787 102 2817 so
112 2769 203 2816 Martis
217 2765 312 2822 Ultoris,
322 2767 403 2814 eodem
415 2766 440 2813 in
450 2766 544 2829 templo,
554 2763 681 2820 consueret
693 2781 762 2825 pram,

58 2841 100 2879 ter
105 2841 201 2880 suetam
209 2833 375 2882 adulationem
385 2833 446 2890 laeti,
453 2833 519 2896 quod
527 2829 665 2879 Domitium
675 2825 771 2881 Carbu-

44 2893 130 2942 Ionem
144 2898 286 2950 retinendae
305 2901 440 2953 Armeniae
455 2890 785 2967 praeposueratw'tdtiaatffi·

44 2969 83 3004 yuc
96 2957 177 3025 loeus
188 2965 333 3020 ‚virtutibus
347 2968 501 3036 patefactus.
540 2960 632 3027 Cepi&
642 2951 801 3014 omnm*
