1680 3188
55 112 170 173 ‚J.c.66-
215 110 406 160 ANNALIUM
418 111 476 160 -Inn
485 111 556 161 XVI.
570 109 662 162 Onni-
685 115 740 162 <lua

69 245 241 308 gestusJuvare
252 243 323 297 solita,
340 245 472 305 personabat
480 244 556 290 'certis
563 244 636 290 modis
647 245 737 304 plausu-

70 325 116 370 que
129 309 262 370 composito.
296 305 405 355 Crederes
419 308 500 354 laetari:
521 325 547 355 ac
561 308 737 355 fortasselaets·

2 383 6 388 '
69 375 159 427 bantur,
170 389 211 435 per
221 373 328 418 incuriam
340 372 422 432 publici
431 370 518 433 flagitii.
578 413 581 420 f

103 437 135 484 V.
154 438 200 485 Sed
210 437 248 498 qui
260 437 351 482 remotis
363 452 375 482 e
386 438 518 497 municipiis,
535 452 681 498 severamque
697 439 737 484 ad·

71 503 116 549 buc
132 512 156 548 et
169 501 255 561 antiqui
266 502 335 547 moris
346 502 467 547 retinentes
478 499 573 557 ltaliam,
591 503 678 563 quique,
695 519 736 564 per

71 567 155 628 longas
164 566 297 628 provincias,
314 565 411 612 lasciviae
422 565 538 627 inexperti,
556 566 629 612 officio
640 567 735 628 legatio-

70 646 126 678 num
138 639 179 677 ant
192 629 280 692 privata
291 630 391 685 utilitate,
403 630 545 682 advenerant,
561 646 632 690 neque
643 632 736 692 adspec-

70 703 119 747 tum
131 696 195 742 illum
207 695 309 748 tolerare,
326 709 399 755 neque
408 694 477 740 labori
489 695 607 741 inhonesto
618 696 736 755 sufficere;

69 775 124 807 cum
132 761 235 806 manibus
246 759 327 805 nesciis
338 758 472 814 fatiscerent,
484 760 598 806 turbarent
607 775 698 822 gnaros,
709 776 736 808 ac

69 841 132 887 saepe
147 841 161 871 a
175 824 282 871 militibus
295 825 470 883 verberarentur,
488 825 525 884 qui
539 839 580 886 per
594 840 677 871 cuneos
689 833 735 873 sta·

68 890 131 943 bant,
149 888 249 949 nequod
266 890 372 949 temporis
388 896 526 934 momentum
543 890 621 951 impari
638 891 735 938 clamore

69 963 110 1002 aut
131 953 222 1000 silentio
245 954 309 1014 segni
335 954 465 1014 praeteriret.
505 951 620 1008 Constitit,
647 955 733 1015 pleros·

69 1035 116 1080 que
134 1019 243 1079 equitum,
261 1019 314 1064 dum
331 1033 371 1078 per
389 1018 503 1079 augustias
525 1018 598 1064 aditus
613 1025 636 1064 et
654 1021 733 1081 ingru-

2 1090 5 1095 '
65 1091 147 1131 entem
159 1082 324 1129 multitudinem
333 1082 453 1136 enituntur,
462 1083 561 1138 obtritos,
573 1090 597 1129 et
607 1084 669 1137 alios,
681 1085 735 1132 dum

69 1149 130 1195 diem
146 1155 280 1208 noctemque
293 1146 398 1193 sedilibus
411 1147 548 1201 continuant,
565 1149 643 1194 morbo
654 1149 734 1196 exitia·

67 1214 109 1260 bill
120 1219 249 1274 correptos:
259 1213 349 1273 quippe
359 1212 450 1273 gravior
459 1212 531 1258 inerat
541 1220 621 1265 metus,
639 1213 658 1258 si
670 1228 734 1273 spec·

61 1276 146 1325 'taoulo
157 1275 286 1330 defuissent,
303 1276 380 1322 multIs
390 1275 469 1336 palam,
487 1283 509 1321 et
520 1276 619 1337 pluribus
634 1278 734 1333 occultis,

35 1343 39 1354 '
69 1351 96 1390 ut
107 1343 200 1390 nomina
211 1356 236 1387 ac
251 1340 333 1395 vultus,
350 1341 492 1393 alacritatem,
509 1341 666 1400 tristitiamque
682 1342 734 1389 cob-

69 1409 160 1454 untium
172 1413 330 1452 scrutarentur.
364 1404 432 1451 Unde
444 1406 580 1451 tenuioribus
591 1406 665 1452 statim
677 1407 734 1454 irro-

69 1481 126 1534 gata
144 1470 258 1533 supplicia,
281 1471 387 1516 adversus
408 1469 505 1516 illustres
524 1470 686 1516 dissimulatum
706 1472 735 1519 ad

66 1551 179 1600 praesens,
202 1542 225 1581 et
251 1550 306 1581 mox
325 1534 434 1580 redditum
462 1535 544 1581 odium.
572 1534 734 1598 ferebantque

69 1601 243 1664 Vespasianum,
255 1607 366 1659 tamquam
379 1614 458 1645 somno
470 1599 605 1652 conniveret,
622 1616 635 1646 a
647 1599 734 1648 Phoebo

67 1669 151 1716 liberto
167 1665 306 1725 increpitum,
324 1679 429 1724 aegreque
443 1663 560 1709 meliorum
575 1666 676 1726 precibus
693 1667 733 1712 ob·

70 1740 173 1780 tectum:
199 1743 253 1775 mox
274 1729 426 1774 imminentem
448 1729 568 1790 perniciem
586 1731 669 1792 majore
686 1730 733 1778 lato

70 1813 85 1845 e
143 1811 186 1842 sse.

85 1797 151 1907 Ἢ.
168 1858 226 1906 Post
235 1857 302 1904 finem
310 1859 395 1912 ludicri,
408 1856 607 1921 Poppaeamortem
616 1861 675 1914 obiit,
686 1860 733 1907 lor·

69 1923 214 1974 tutamenti
227 1922 347 1976 iracundia,
364 1939 378 1969 a
392 1938 435 1983 quo
450 1925 543 1984 gravida
557 1926 603 1970 ictu
616 1926 683 1972 calcis
699 1924 732 1972 sl·

71 1991 135 2038 llicta
145 1997 194 2036 est:
214 1989 471 2048 nequeenlmvenenum
483 1989 619 2042 crediderim,
632 1991 735 2049 quamvis

63 2054 162 2118 'quidam
174 2054 292 2114 scriptores
304 2053 398 2106 tradant,
410 2053 461 2098 odio
469 2054 548 2113 magis,
560 2067 626 2112 quam
635 2066 664 2099 ex
675 2050 733 2106 fides

62 2122 154 2184 ⁴quippe
169 2119 288 2164 liberorum
305 2117 402 2178 cupiens,
420 2123 442 2162 et
456 2117 526 2163 amori
538 2118 613 2163 uxoris
625 2118 736 2166 obnoxius

72 2194 128 2233 erat
162 2180 251 2244 Corpus
262 2197 308 2228 non
318 2181 366 2243 igni
377 2180 492 2238 abolitum,
505 2190 530 2227 ut
541 2181 659 2227 Romanus
670 2197 736 2241 mos3

72 2251 120 2304 sed,
131 2242 364 2310 regumiexternorum
375 2246 541 2299 consuetudine,
556 2244 666 2293 differtum
680 2247 735 2294 odo-

72 2317 134 2362 ribus
145 2313 254 2366 conditur,
266 2311 395 2370 tumuloque
405 2309 421 2358 J
423 2310 516 2356 ullorum
526 2311 625 2357 infertur.
650 2309 737 2359 Ductae

71 2375 738 2440 tamenpublicaeexsequiae,laudsvitqueipseapudRostra

65 2445 168 2497 ,sormam
180 2443 234 2503 ejus,
252 2448 275 2486 et
285 2440 344 2500 quod
360 2440 442 2486 divinae
457 2440 548 2486 infantis
559 2454 639 2502 parens
649 2439 735 2498 fuisset,

72 2509 160 2568 aliaque
170 2505 268 2553 fortunae
278 2520 372 2551 munera
381 2521 422 2566 pro
433 2506 559 2551 nnoubus.

106 2568 165 2618 VII.
183 2570 284 2617 Mortem
297 2569 408 2633 Poppaeae,
425 2577 450 2616 ut
464 2571 537 2633 palam
548 2569 642 2626 tristem,
657 2571 690 2620 ita
701 2587 736 2619 re-

55 2627 302 2697 ,cordantiboslaem
315 2638 344 2688 sb
354 2637 766 2716 impudicitiameiusacerbioraquek
