1680 3188
149 444 181 490 ’18
222 437 416 488 ANNALIUM
432 436 565 488 LleV.
577 437 685 489 Cani&
702 442 826 487 manu.

153 572 247 626 damnis,
262 571 295 617 ita
305 583 345 630 per
355 569 453 630 inopiam
468 576 491 616 et
504 569 592 618 labores
601 569 742 627 fatiscebant,
754 587 828 621 earne·

153 636 265 700 pecudum
277 634 405 696 propulsare
415 635 499 681 famem
510 635 590 683 adacti.
616 635 656 683 Ad
666 637 717 683 baec
727 639 823 698 penmia

153 715 226 762 squar.
240 699 327 746 fervida
335 706 408 754 aestas,
420 699 545 761 longinqua
555 701 641 755 itinera,
650 698 699 748 sold
706 701 771 748 ducis
780 718 822 765 pe-

154 764 234 814 tientib
255 765 421 826 mitigabantur,
440 765 519 810 eodem
535 765 606 826 plura,
625 780 694 825 quam
713 768 822 829 gregario

152 831 236 884 milite,
250 830 367 876 tolerante.
400 828 502 876 Ventum
518 830 599 876 dehine
616 831 639 876 in
659 830 723 877 locos
742 832 823 890 cultos,

154 897 308 956 demessaeque
323 901 418 957 segetes,
437 902 500 941 etex
517 894 603 943 duobus
614 895 718 950 castellis,
734 897 759 943 in
769 911 823 959 quae

153 960 304 1023 confugerant
315 959 426 1014 Armenii,
444 960 539 1006 alterum
556 959 641 1022 impetu
659 967 766 1022 eaptum3
783 962 823 1023 qui

153 1027 248 1088 primam
259 1026 307 1071 rim
318 1025 455 1086 depulerant,
473 1025 588 1072 obsidione
598 1033 718 1088 eoguntur.
753 1024 824 1074 Unde

153 1093 177 1138 in
197 1092 313 1153 regionem
331 1089 480 1136 Taurantium
497 1097 657 1152 transgressus,
674 1091 823 1153 improvisum

154 1156 278 1220 periculum
297 1155 389 1203 vitavit:
409 1170 461 1202 nam
480 1156 539 1202 baud
555 1155 634 1217 procul
649 1156 748 1204 tentorio
764 1159 822 1220 eJ'us,

155 1236 202 1268 non
211 1220 316 1282 ignobilis
326 1221 432 1266 barbams
443 1234 495 1266 eum
506 1221 552 1266 telo
558 1226 666 1282 repertus,
675 1221 778 1269 ordinem
785 1222 822 1269 in·

155 1286 269 1340 sidisrum,
288 1300 356 1345 seque
378 1291 492 1332 auctorem
514 1292 538 1331 et
555 1285 628 1332 socios
649 1301 690 1347 per
709 1293 824 1335 tormenta

156 1351 238 1398 edidit:
258 1351 402 1411 convictique
414 1356 437 1396 et
451 1350 524 1411 puniti
537 1358 596 1406 sunt,
608 1351 646 1411 qui
657 1352 732 1412 specle
743 1352 822 1399 amici·

155 1417 195 1462 tias
211 1416 288 1462 dolum
303 1416 415 1476 parabant
449 1415 501 1462 Nec
512 1415 583 1462 multo
594 1422 646 1477 post
656 1416 726 1478 legati
737 1415 822 1480 Tigra·

155 1488 249 1528 noceria
259 1480 328 1535 missi,
339 1487 416 1541 patere
426 1480 511 1527 moenia
521 1479 623 1535 afferunt,
635 1481 734 1529 intentos
749 1497 822 1544 popu·

154 1545 214 1593 lares
232 1546 260 1593 ad
276 1547 347 1608 jussa.
382 1544 454 1591 Simul
475 1545 584 1607 hospitale
602 1546 693 1601 donum,
713 1561 822 1593 coronam

155 1626 253 1666 auream,
272 1609 394 1657 tradebant.
427 1610 566 1672 decepitque
587 1625 639 1656 cum
661 1611 763 1667 bonore3
780 1626 823 1659 nee

154 1678 276 1738 quidquam
292 1675 341 1722 urbi
360 1674 490 1730 detractum,
509 1690 553 1737 quo
569 1675 679 1739 promtius
690 1676 824 1738 obsequium

154 1742 238 1801 integri
249 1741 378 1788 retinerent

189 1805 273 1852 XXV.
290 1805 459 1868 'Atpraesidium
471 1806 564 1868 regium,
572 1805 705 1868 quodierox
712 1807 826 1870 juventus

154 1871 272 1926 clauserat
281 1886 327 1917 nou
342 1871 391 1918 sine
401 1871 523 1919 certamine
533 1879 688 1934 expugnatum
699 1878 749 1920 est:
770 1888 824 1920 uam

155 1943 180 1984 et
190 1935 295 1998 proelium
306 1952 347 1997 pro
358 1937 428 1983 muris
438 1938 485 1983 ausi
493 1943 564 1991 erant,
576 1946 599 1983 et
609 1937 667 2000 pulsi
679 1939 739 1984 intra
746 1939 823 1985 muni·

155 2008 233 2048 menta
244 2002 335 2062 aggeris
352 2000 448 2056 demum,
468 2007 491 2047 et
509 2002 681 2064 irrumpentium
692 2003 762 2051 armis
773 2018 823 2051 ees·

156 2063 221 2123 sdre3
238 2080 289 2126 quae
308 2065 396 2113 facilius
413 2067 579 2128 proveniebant,
594 2067 646 2128 quia
664 2066 743 2114 Partbi
755 2068 822 2130 Hyr·

156 2145 214 2177 enno
225 2131 285 2177 bello
300 2131 469 2178 distinebantur.
502 2130 659 2193 Miserantque
671 2130 778 2193 Hyrcani
795 2133 824 2181 ad

154 2195 279 2260 principem
295 2195 432 2251 Romanum,
449 2197 577 2246 societatem
594 2204 689 2252 oratum,
708 2198 824 2246 attineria

156 2277 183 2309 se
201 2259 332 2322 Vologesen
359 2278 400 2325 pro
421 2263 516 2324 pignore
539 2263 650 2318 amicitiae,
673 2269 822 2312 ostentantes.

156 2326 207 2375 an
219 2327 371 2388 regredientes
383 2326 489 2380 Corbulo,
502 2342 530 2373 ne
541 2326 673 2388 Euphraten
685 2329 823 2392 transgressi

155 2393 256 2439 hostium
273 2392 379 2439 custodiis
396 2391 618 2448 circumvenirentur,
634 2393 686 2439 dato
708 2395 822 2456 praesidio,

155 2457 185 2504 ad
201 2458 268 2505 litora
281 2458 348 2503 maris
359 2456 419 2502 rubri
429 2457 532 2502 deduxit:
552 2457 617 2510 unde,
634 2458 711 2505 vitatis
723 2457 822 2509 Partho·

155 2538 206 2570 rum
217 2522 303 2576 linibus,
314 2522 397 2582 patrias
408 2522 431 2567 in
440 2522 504 2568 sedes
515 2519 650 2569 remeavere.

189 2585 286 2632 XXVI.
305 2586 368 2640 Quin
383 2593 407 2632 et
421 2585 544 2640 Tiridaten,
561 2602 601 2648 per
618 2586 703 2635 Medos
719 2595 822 2638 extretna

155 2648 272 2697 Armeniae
282 2651 411 2705 intrantem,
421 2651 538 2714 praemisso
546 2666 598 2697 eum
608 2653 696 2700 auxiliis
703 2652 822 2704 Verulano

155 2715 237 2776 legato,
254 2722 322 2776 atque
336 2716 384 2776 ipse
397 2717 523 2778 legionibus
540 2716 595 2772 citis,
614 2717 674 2764 abire
690 2721 777 2781 procul,
795 2736 822 2769 ac

154 2794 217 2840 spem
228 2780 280 2826 belli
292 2781 394 2828 amittere
411 2782 514 2842 subegit:
533 2797 634 2842 quosque
650 2784 722 2840 nobis,
739 2786 769 2832 ob
785 2802 822 2833 re·

147 2859 211 2902 gem,
223 2860 317 2892 aversos
327 2847 408 2893 animis
419 2854 564 2909 cognouerat,
575 2847 672 2894 cedibus
680 2855 703 2895 et
711 2850 822 2908 incendiis

15 2924 85 3022 ι’
134 2910 315 2989 perpopulatos,
345 2913 520 2976 possessionem
549 2913 669 2958 Armeniae
691 2916 830 2972 usurqmate

122 2984 183 3021 “¹²¹²
201 2976 306 3038 advena
325 2978 456 3046 Tigranes,
479 2995 495 3030 a
513 2978 617 3029 Nerone
632 2975 666 3025 ad
681 2975 809 3037 capessem
826 2996 839 3013 a
