1680 3188
35 137 123 182 ..u-⁴9·
183 126 379 179 Annsnwn
389 126 608 179 LrnXlLCArn.
680 136 697 179 u

35 261 75 309 lius
86 261 196 319 diremit;
213 261 352 322 adactusque
362 259 453 309 Silanus
471 261 559 322 ejurare
575 262 697 325 magistra·

35 340 92 385 urn;
109 334 136 375 et
153 327 255 389 reliqum
268 334 375 390 proeturae
386 327 434 375 dies
447 326 472 373 in
486 326 582 390 Eprium
594 327 697 375 Marcel-

35 407 72 438 um
84 386 184 441 oollalns
194 399 238 441 est.

57 455 88 503 V·
107 455 266 522 eupompdop
285 456 442 513 stefflmio
455 454 531 513 cour,
566 488 592 537 U
605 488 688 539 nm

35 531 117 569 »actum
136 525 198 571 inter
210 522 332 573 Claudium
346 531 370 570 et
380 524 533 586 Agrippiana
576 522 629 605 J'c
689 525 697 541 '

35 589 196 636 patrimonium
208 591 259 651 jum
270 587 336 644 lami,
351 590 399 651 jam
417 604 494 637 rmore
504 588 532 634 il·
593 587 600 602 '
629 560 687 605 '5⁰’

34 653 87 700 icito
106 652 255 701 iirmrdratur:
275 655 382 703 necdum
394 654 506 701 celebrare
516 653 626 701 sollennia
637 669 696 717 nup·

35 717 107 765 iumm
118 720 238 775 audebunt,
250 720 314 767 nullo
329 719 433 781 exemplo
448 720 553 767 deductas
563 720 587 765 in
602 720 697 767 domurn

35 785 97 834 latmi
108 784 186 832 frutrir
196 783 257 833 liliae.
291 784 354 839 Qnin
365 792 389 831 et
399 786 518 840 incestum,
535 799 562 831 ac
573 785 592 831 si
604 799 696 846 sperne-

35 855 93 905 etur,
106 865 137 896 ne
147 851 171 897 in
182 850 268 899 mulum
278 850 393 911 publicum
403 855 537 909 erumperet,
549 850 698 897 metuebatur.

35 912 78 961 Nee
90 924 146 961 ante
156 916 241 963 omissa
251 915 375 971 cunctatio,
386 928 455 975 quam
467 912 574 959 Vitellius
582 914 629 960 ouis
640 916 695 961 urti-

35 993 66 1027 na
82 980 107 1025 id
124 979 300 1040 perpetrandum
312 979 400 1025 sumsit.
432 974 627 1039 Percontatusque
640 978 694 1028 cae-

35 1058 106 1098 arun,
118 1058 149 1091 uu
162 1043 235 1105 jussis
245 1044 322 1104 populi
336 1058 365 1089 an
379 1042 507 1089 auctoritati
524 1044 616 1090 senatis
628 1045 694 1091 cede·

35 1108 78 1155 et?
94 1109 134 1157 ubi
143 1108 192 1162 ille,
204 1123 275 1155 unum
282 1122 308 1155 se
318 1106 402 1155 civium
413 1114 437 1153 et
447 1108 568 1155 consensui
578 1108 695 1171 imparem,

35 1174 149 1235 erpondit,
167 1173 265 1235 opperiri
283 1173 343 1219 intre
362 1170 473 1219 Palatium
485 1173 565 1234 J'ubet:
585 1174 634 1234 ipse
652 1190 694 1221 cu·

35 1369 131 1417 r'rnmos
142 1369 251 1431 principis
266 1356 361 1423 labores,
378 1365 430 1429 quis
444 1369 521 1417 orbem
538 1376 605 1416 terrae
616 1384 694 1431 capes·

40 1442 66 1490 rt,
77 1449 148 1497 egere
161 1434 311 1489 adminiculis,
323 1441 349 1481 ut
359 1432 485 1481 domestici
494 1432 549 1481 curd
559 1448 652 1490 vacuus,
669 1435 693 1482 in

45 1514 149 1547 immune
159 1500 271 1547 consulat
296 1498 366 1554 Quod
376 1514 445 1561 porro
456 1499 573 1545 honestius
584 1500 694 1547 censorie

51 1565 108 1615 mn·
118 1566 232 1622 termes,
240 1581 308 1627 qunp
317 1579 432 1613 assumere
442 1565 569 1626 conjugem,
582 1566 695 1628 prosperis

55 1630 143 1692 hiisque
154 1634 253 1679 sociam:
274 1631 310 1677 cui
321 1631 471 1693 cogitationes
481 1630 579 1686 intimas,
595 1631 632 1678 cui
643 1646 694 1693 pan·

61 1695 162 1744 rh'beros
173 1698 255 1752 tradat,
266 1711 314 1743 non
323 1695 387 1743 luxui
398 1702 438 1743 cut
448 1695 486 1743 vol
517 1696 599 1742 tutibus
615 1711 693 1743 usaue·

67 1776 112 1872 un?
123 1762 164 1809 sed
180 1763 217 1824 qui
228 1760 302 1824 primd
312 1759 443 1824 abjurentd
453 1761 498 1824 legi
514 1776 541 1808 m
552 1762 692 1824 obtempera·

76 1888 104 1939 Ἰ.
122 1890 249 1953 Portqusm
269 1892 318 1938 haec
334 1891 450 1938 favorabili
460 1892 561 1939 oratione
576 1872 695 1954 praemisit

84 1970 143 2018 nque
159 1965 249 2020 patrum
267 1958 389 2004 assentatio
400 1957 547 2018 sequebatur3
565 1963 631 2019 capto
642 1972 692 2003 rur-

87 2021 159 2077 initio,
185 2021 285 2077 Quando
303 2022 452 2069 maritandum
471 2021 594 2084 principem
616 2023 692 2069 cuncti

95 2094 154 2143 rent,
165 2088 235 2149 deligi
250 2095 355 2149 oportere
367 2087 474 2134 feminam
485 2087 607 2142 nobilitate,
624 2103 691 2148 puer·

108 2150 259 2201 sanctimonii
268 2154 387 2215 insignem.
410 2152 461 2199 Nec
472 2152 511 2199 diu
522 2153 691 2212 anquirendum,

105 2218 226 2282 lgrippinu
240 2217 373 2265 claritudine
382 2219 473 2280 generis
484 2218 593 2264 anteiret:
613 2218 690 2264 datum

109 2282 246 2331 'ecunditutis
256 2285 448 2345 experimentum:
462 2292 486 2328 et
496 2297 622 2343 congruere
632 2290 692 2330 artes

116 2364 142 2397 u.
175 2346 205 2395 Id
214 2363 269 2395 vero
280 2350 405 2410 egregium,
421 2346 490 2411 quod
505 2347 600 2411 provisu
616 2346 698 2403 deinc,

121 2424 243 2474 ungeretur
258 2414 362 2478 principi,
383 2431 426 2464 sua
445 2421 539 2465 tantum
556 2413 715 2463 matrimonia

148 2477 275 2526 Audivisse
292 2496 307 2527 a
318 2485 466 2544 potentibus,
485 2483 666 2547 vidisssipaos,
681 2495 726 2528 ar·

131 2542 210 2619 &aad
219 2543 286 2593 libita
300 2546 450 2603 Caesurum:
473 2552 569 2620 procul
584 2551 615 2599 id
633 2564 654 2598 a
667 2560 742 2613 pra·

137 2613 198 2680 msa·
244 2611 411 2672 Statueretur
432 2624 518 2674 immo
547 2622 759 2671 documentum,

142 2683 306 2736 ¹¹¹”Perator
325 2691 474 2763 acciperet.
521 2693 567 2744 At
591 2688 680 2744 exirm,
693 2688 775 2733 ΝΜ·
