1680 3188
198 122 222 172 J.
234 117 419 171 AGRICOLAE
429 119 522 170 VITA.
544 118 650 170 carros.
707 129 756 175 285

93 252 166 314 eip'em
181 253 358 300 exstimulabant.
391 251 428 299 Sic
441 252 549 315 Agricola
564 252 631 299 simrd
641 253 692 307 ,suis
707 256 754 303 vir·

92 317 184 372 tutibus,
196 318 262 363 simul
278 317 338 364 vitiis
349 317 450 374 aliorum,
460 318 484 363 in
499 318 569 382 ipsam
580 317 676 381 gloriam
692 334 752 382 pras·

90 396 144 443 ceps
155 383 268 442 agebatur.

124 445 209 492 XLIL
230 447 316 493 Aderat
332 448 381 508 jam
402 461 482 503 annus,
504 462 548 508 quo
569 448 751 509 proconsulatum

91 509 157 558 Asiae
173 519 197 558 et
212 510 298 557 Africae
313 512 434 565 sortiretur,
452 519 475 558 et
489 513 563 558 occiso
578 509 658 560 civica
675 528 752 576 nuper,

91 590 134 622 nec
150 575 266 637 Agricolae
281 576 397 621 consilium
414 576 494 630 deerat,
506 591 548 622 nec
561 575 693 624 Domitiano
709 593 751 626 ex·

89 640 197 701 emplum.
230 637 354 687 Accessere
370 640 458 700 quidam
469 641 629 701 cogitationum
646 643 751 706 principis

89 704 162 765 periti,
174 705 218 764 qui,
230 705 329 751 iturusne
345 712 404 751 esset
414 706 437 750 in
451 704 596 766 provinciam,
608 706 666 752 ultro
677 706 748 770 Agri-

89 769 161 815 colam
176 769 352 831 interrogarent:
372 784 398 815 ae
408 769 479 830 primo
494 769 602 816 occultius
612 771 709 830 quietem
726 779 750 819 et
790 786 796 801 ·

87 834 158 880 otium
169 833 265 887 laudare,
276 849 329 880 mox
345 849 435 895 operam
445 849 507 880 suam
518 833 541 879 in
552 833 692 896 approbandi
707 851 747 882 ex-

86 898 202 944 cusatione
218 897 309 945 offerre:
334 906 447 959 postremo
463 913 508 944 nou
520 899 567 960 jam
585 899 677 955 obscuri,
695 915 747 948 sus·

87 963 165 1008 dentes
174 962 240 1008 simul
247 969 405 1023 terrentesque,
412 960 538 1024 pertraxere
544 963 571 1010 ad
580 961 750 1023 Domitianum3

86 1028 124 1088 qui
140 1033 228 1088 paratus
245 1027 386 1082 simulationi,
401 1028 423 1073 in
440 1027 588 1089 arrogantiam
604 1030 747 1090 compositus,

85 1098 109 1138 et
128 1091 197 1138 audiit
214 1107 291 1153 preces
310 1093 443 1147 excusantis,
458 1099 487 1146 et,
502 1106 553 1137 cum
573 1093 692 1148 annuisset,
708 1094 746 1156 agi

85 1157 127 1203 sibi
142 1157 226 1218 gratias
236 1171 315 1218 passus
328 1165 375 1203 est:
395 1158 437 1203 uec
448 1156 535 1204 erubuit
547 1155 647 1203 beneficii
658 1157 747 1205 invidit.

85 1221 195 1268 Salarium
207 1228 288 1277 tamen,
300 1222 451 1283 proconsulari
466 1221 556 1267 solitum
567 1220 647 1276 offerri,
659 1230 682 1268 et
696 1223 745 1283 qui-

84 1285 178 1333 busdam
197 1287 299 1348 aseipso
316 1302 454 1341 concessum,
470 1285 587 1348 Agricolae
606 1301 651 1332 non
670 1287 748 1344 dedita

83 1351 132 1398 sive
149 1349 247 1398 offensus
263 1366 308 1397 non
324 1351 424 1412 petitum,
441 1352 490 1398 sive
505 1365 534 1397 ex
550 1349 690 1405 conscientirl,
708 1366 744 1407 ne

83 1417 144 1477 quod
159 1423 266 1471 vetuerat,
278 1417 392 1463 videretur
401 1416 487 1463 emisse.
521 1414 638 1476 Proprium
653 1417 744 1462 humani

82 1481 168 1543 ingenii
184 1488 226 1536 est,
242 1481 322 1536 odisse,
341 1496 408 1542 quem
426 1481 524 1528 laeseris:
545 1478 670 1527 Domitiani
689 1494 744 1528 vero

82 1553 163 1593 natura
173 1561 273 1608 praeceps
284 1547 307 1592 in
317 1547 380 1601 iram,
392 1553 421 1601 et,
432 1561 478 1607 quo
489 1545 607 1599 obscurior,
619 1560 646 1592 eo
657 1546 742 1592 irrevo-

40 1608 43 1613 ’
81 1611 179 1665 cabilior,
196 1612 348 1658 moderatione
361 1618 436 1657 tamen
452 1607 611 1672 prudentirlque
626 1609 744 1671 Agricolae

79 1675 218 1731 leniebatur3
235 1676 342 1737 quianon
357 1673 504 1733 contumacid,
515 1689 588 1735 neque
597 1675 657 1720 inani
667 1676 741 1737 jacts÷

80 1740 143 1787 tione
152 1740 266 1795 libertatis,
273 1739 356 1788 famam
366 1739 482 1801 istumque
492 1740 633 1802 provocabat.
657 1739 740 1795 Sciant,

79 1805 160 1865 quibus
176 1806 245 1853 moris
262 1806 340 1853 illicita
355 1805 437 1860 mirari,
452 1820 519 1867 posse
536 1805 603 1851 etiam
620 1805 660 1851 sub
678 1805 743 1852 malis

78 1869 214 1932 principibus
225 1885 320 1932 magnos
327 1871 388 1918 viros
396 1885 459 1927 esse;
477 1870 649 1930 obsequiumque
656 1885 682 1917 sc
690 1885 740 1916 mo·

78 1934 180 1990 destiam,
189 1936 330 1990 siindustria
343 1951 368 1982 sc
380 1936 445 1997 vigor
458 1935 538 1989 adsint,
549 1949 576 1980 eo
590 1934 662 1980 laudis
673 1949 740 1981 exce·

77 2000 137 2055 dere,
154 2015 199 2060 quo
210 2001 309 2062 plerique
319 2016 359 2062 per
370 2001 468 2063 abrupta,
484 2000 556 2046 sedin
568 1998 654 2044 nullum
665 1999 739 2061 reipu-

75 2064 142 2112 blicae
153 2079 227 2123 usum,
238 2063 355 2112 ambitiosa
365 2073 438 2112 morte
447 2065 605 2111 inclaruerunt.

110 2126 208 2175 XLIII.
224 2129 287 2177 Finis
303 2131 358 2178 vitae
377 2132 425 2194 eJus
444 2129 506 2176 uobis
523 2127 646 2182 luctuosus,
663 2128 740 2175 amicis

76 2195 153 2250 tristis,
165 2196 277 2243 extraneis
287 2196 355 2243 etiam
365 2196 492 2258 ignotisque
503 2208 549 2239 non
560 2193 610 2240 sine
621 2189 674 2240 curi
688 2190 739 2240 tuit

75 2258 168 2322 Vulgus
179 2275 274 2321 quoque,
286 2268 310 2307 et
320 2262 357 2308 bic
367 2261 427 2308 aliud
436 2274 506 2320 agens
517 2259 619 2320 populus,
630 2263 654 2303 et
664 2258 738 2304 venti-

73 2322 152 2372 tavere
163 2326 191 2372 sd
201 2325 299 2381 domum,
311 2335 335 2373 et
344 2342 384 2390 per
393 2324 442 2372 fors
449 2332 472 2370 et
482 2324 578 2380 circulos
589 2322 658 2369 locuti
669 2329 736 2370 sunta

73 2405 117 2437 nec
135 2390 258 2452 quisquam,
275 2389 349 2439 auditi
364 2397 437 2438 morte
453 2389 576 2452 Agricolae,
593 2394 632 2434 aut
648 2386 739 2449 laetatus

73 2461 116 2511 est,
128 2461 167 2501 aut
176 2456 253 2502 statim
264 2456 351 2504 oblitus.
384 2454 491 2517 Augebat
504 2453 670 2500 miserationem
682 2466 737 2498 con·

72 2526 136 2566 stans
147 2534 230 2576 rumor,
241 2536 329 2568 veneno
339 2521 494 2581 interceptum,
525 2518 598 2566 Nobis
609 2515 664 2563 nibil
674 2530 738 2577 comg

70 2585 129 2645 perti
145 2584 256 2632 affirmare
266 2585 351 2633 susim:
370 2593 477 2632 caeterum
492 2596 632 2648 peromnem
648 2580 736 2628 adetu-

60 2649 142 2704 'dinem
159 2651 215 2718 ejus,
228 2651 330 2710 crebrius
340 2664 412 2719 quarn
425 2665 459 2702 ex
470 2665 540 2703 mora
548 2644 753 2712 pnndmbwb

181 2978 189 3034 Ι
265 2944 796 3034 ωιτη-Μ
