1664 2910
239 94 439 145 nERMANIn
457 92 566 146 (1.1Μὸ,
688 100 736 145 203

72 225 157 272 midine
175 229 242 287 atque
260 225 338 273 umbri
354 226 429 273 feralis
448 228 559 276 exercitiis
577 232 685 273 terrorem
701 225 737 271 in-

71 290 154 345 serunt,
167 292 228 337 nullo
239 293 336 337 hostiurn
354 293 478 339 sustinente
489 309 573 339 novum
587 307 613 338 ac
624 292 687 338 velut
702 292 738 337 in·

70 354 160 402 fernum
178 357 321 417 adspectum:
341 372 393 402 nam
412 358 477 418 primi
495 359 518 402 in
535 359 638 404 omnibus
652 357 738 418 proeliis

71 421 131 467 oculi
142 421 270 467 vincuntur.
301 419 375 468 Trans
390 420 479 483 Lygios
491 424 595 470 Gotones
605 430 738 484 regnantur,

70 485 139 547 paulo
157 487 207 548 J'anr
226 486 348 541 adductius,
371 502 437 547 quam
459 496 548 534 caeterae
570 488 738 534 Germanorum

70 557 159 661 gates,
177 551 276 598 nondum
292 559 367 598 tamen
384 567 451 614 supra
465 553 598 599 libertatem.
630 552 739 599 Protinus

100 614 153 662 'nde
167 616 195 661 ab
213 615 307 663 Oceano
320 616 397 678 Rugii,
416 626 439 662 et
456 615 574 663 Lemovih
592 619 738 676 omniumque

70 678 150 727 harum
162 681 264 742 gentium
275 682 371 743 insigne,
383 682 478 729 rotunda
491 691 560 737 scuta,
571 682 650 729 breves
660 680 738 743 gladii,

71 751 95 792 et
106 759 163 806 erga
173 761 239 807 reges
249 746 386 806 obsequium.

104 808 200 855 XLIV.
218 810 327 857 Suionum
342 812 395 858 hinc
410 813 519 866 civitates,
535 813 583 873 ipso
598 812 621 858 in
637 811 736 865 Oceano,

71 882 156 937 praeter
176 876 236 922 viros
254 890 357 936 armaque
375 877 482 923 classibus
497 877 586 923 valent:
605 877 677 922 sonna
696 890 737 922 na·

72 940 135 987 vium
152 955 180 986 eo
191 939 270 995 differt,
281 941 341 1001 quod
355 936 467 1003 utrimque
482 957 548 1003 prora
560 951 659 1002 paratam
677 955 736 988 sem·

72 1019 114 1067 per
124 1004 224 1066 appulsui
238 1004 335 1052 frontem
347 1007 407 1068 agit:
427 1022 469 1053 nec
479 1006 536 1053 velis
550 1007 682 1060 ministrant,
695 1019 738 1051 nec

72 1083 148 1117 mmos
160 1070 183 1115 in
194 1070 293 1116 ordinem
305 1071 410 1118 lateribus
426 1072 558 1134 adjungunt.
590 1071 701 1125 Solutum,
713 1076 739 1116 ut

72 1132 98 1180 in
108 1134 240 1195 quibusdam
253 1135 376 1190 fluminum,
385 1145 408 1182 et
418 1137 529 1190 mutabile,
542 1143 599 1182 utut
610 1151 645 1182 res
656 1135 738 1198 poscit,

73 1198 127 1246 hinc
144 1199 253 1247 velillinc
270 1201 395 1263 remigium.
427 1200 471 1248 Est
482 1201 540 1262 apud
558 1201 608 1247 illos
619 1209 642 1246 et
658 1200 737 1261 opibus

73 1263 161 1311 honos:
181 1280 252 1325 eoque
263 1280 322 1311 unus
332 1266 451 1328 imperitat,
463 1267 529 1312 nullis
536 1268 584 1328 jum
599 1265 737 1325 exceptioni·

73 1328 123 1384 bus,
135 1344 181 1376 non
196 1331 296 1391 precario
302 1332 355 1392 jure
370 1332 467 1392 parendi.
499 1330 551 1376 Nec
561 1345 628 1382 armo,
640 1336 665 1374 ut
679 1328 738 1390 apud

74 1401 170 1441 ceteros
187 1394 320 1449 Germanos,
336 1396 470 1456 promiscuo,
489 1396 528 1441 sed
546 1395 620 1441 clausa
637 1393 678 1440 sub
696 1408 737 1439 eu·

75 1459 146 1512 stode,
161 1467 185 1506 et
196 1459 285 1519 quidem
300 1475 379 1516 servo;
398 1461 449 1520 quia
459 1461 543 1506 subitos
554 1460 650 1504 hostium
661 1458 738 1504 incur-

74 1536 114 1569 sus
124 1524 226 1585 prohibet
235 1524 345 1579 Oceanus,
355 1525 433 1571 otiosae
440 1540 508 1586 porro
515 1532 650 1570 armatorum
658 1538 739 1570 manus

74 1584 141 1634 facile
159 1588 293 1640 lasciviunt:
319 1590 434 1636 enimvero
453 1604 524 1649 neque
543 1589 645 1642 nobilem,
665 1603 739 1648 neque

73 1649 208 1714 ingenuum,
225 1668 254 1700 ne
271 1654 397 1701 libertinum
413 1655 509 1715 quidem,
526 1654 593 1700 annis
607 1668 739 1716 praeponere
777 1664 779 1666 ’

76 1718 139 1778 regia
150 1718 234 1765 utilitas
244 1728 285 1766 est

109 1781 189 1830 XLV.
216 1781 291 1830 Trans
314 1785 410 1832 Suionas
431 1785 491 1831 aliud
511 1798 579 1839 mare,
600 1785 690 1846 pigrum
712 1799 739 1832 ac

74 1862 145 1910 prope
156 1849 281 1902 immotum,
297 1864 342 1908 quo
354 1850 414 1911 cingi
425 1850 528 1912 cludique
542 1857 650 1895 terrarum
662 1849 738 1896 orbem

52 1930 58 1943 ·
75 1911 129 1958 hinc
145 1912 206 1967 fides,
222 1913 281 1973 quod
296 1922 410 1960 extremus
423 1915 523 1961 cadentis
533 1916 580 1976 jam
597 1914 651 1960 solis
663 1913 740 1975 fulgor

75 1975 100 2022 in
112 1983 175 2023 ortus
183 1978 261 2024 edurat
268 1979 323 2026 adeo
334 1979 414 2033 ciarus,
422 1987 447 2025 ut
455 1979 527 2025 sidera
537 1980 640 2034 hebetet3
658 1992 739 2025 sonum

74 2039 167 2104 insuper
184 2043 263 2113 audiri,
280 2043 407 2104 formasque
424 2045 516 2090 deorum
533 2050 556 2102 qt
571 2043 644 2090 radios
661 2043 740 2104 capitis

75 2105 167 2168 adspici,
178 2108 292 2168 persuasio
300 2108 382 2171 adjicit.
408 2107 466 2154 illuc
478 2123 548 2168 usquc
560 2109 594 2171 (ct
603 2106 664 2154 sama
674 2105 739 2167 vera)

75 2176 164 2218 tanturn
179 2180 264 2218 natura.
296 2172 361 2235 Ergo
372 2176 420 2235 jaim
431 2174 511 2221 dextro
528 2172 616 2220 suevici
627 2173 696 2218 maris
711 2171 740 2217 li-

75 2240 126 2282 tore
138 2236 272 2297 AEstyorum
283 2246 364 2299 gentes
378 2239 504 2294 alluuntur;
521 2238 600 2298 quibus
612 2238 667 2284 ritus
678 2236 740 2282 habi·

75 2305 158 2361 tnsque
169 2301 310 2360 Suevorum;
327 2304 404 2365 lingua
415 2303 552 2349 Britannicae
563 2303 659 2364 propior.
685 2300 739 2347 Ma·

76 2371 135 2411 trem
147 2365 225 2412 Dedm
242 2377 388 2414 venerantur:
407 2369 497 2429 insigne
512 2367 681 2429 superstitionis,
693 2365 741 2412 for·

75 2444 125 2477 mas
136 2445 241 2492 aprorum
251 2441 349 2494 gestant.
372 2432 406 2489 Id,
418 2449 458 2494 pro
469 2433 536 2478 armis
548 2432 652 2492 omnique
663 2429 742 2486 tuteli,

76 2509 181 2541 securum
200 2496 248 2543 deae
267 2498 375 2544 cultorem
392 2500 459 2544 etiarn
476 2499 533 2543 inter
549 2498 625 2544 hostes
642 2503 741 2559 prestat.

76 2557 153 2609 Rarus
169 2559 228 2616 ferri,
240 2560 345 2625 frequens
359 2561 456 2611 fustium
468 2577 534 2610 usus.
562 2560 695 2609 drumm
700 2576 750 2605 ere»

72 2625 281 2742 te'rvqsququructus
298 2631 435 2698 patientius,
446 2646 519 2696 quam
530 2623 661 2746 prqsoiuiu
666 2623 798 2749 Cremu*
