1680 3188
18 80 24 87 ’
53 113 161 155 aera
188 92 382 160 lunanum
399 108 520 159 nexu
533 108 636 160 crasa.
677 113 726 160 v25

56 241 133 291 exsuli
152 242 223 304 longa
241 243 336 305 posthac
352 243 401 290 rita
417 241 472 288 fuit:
492 248 568 288 morte
580 239 680 295 fortuitis,
698 255 728 287 an

56 323 98 370 per
114 322 231 364 uenenum
247 307 373 355 exstinctus
384 313 455 362 esset,
475 313 501 353 ut
518 307 612 367 quisque
627 306 728 361 credidit,

56 370 190 435 vrrlgavere.
224 371 265 421 De
272 373 436 434 mathematicis
447 370 514 419 Italia
524 372 632 433 pellendis
642 371 728 418 sactum

58 437 302 492 senatus-consultum,
314 445 380 484 atrox
390 444 413 484 et
421 437 516 484 irritum.
539 435 636 484 Laudati
647 436 728 483 debinc

59 503 162 549 oratione
172 502 286 566 principis,
304 505 341 564 qui
354 503 383 549 ob
394 502 509 565 angustias
519 501 639 548 familiares
650 501 729 548 ordine

60 567 175 614 senatorio
186 576 268 629 sponte
278 569 397 624 caderent3
415 567 522 628 motiqrre,
540 567 578 628 qui
593 565 729 613 remanendo

59 632 224 695 impudentiam
234 633 360 695 paupertati
371 633 500 696 adjicerent

92 695 166 745 LIII.
184 695 249 744 inter
258 713 310 759 quae
320 697 417 744 refertur
426 697 454 744 ad
465 704 539 759 patres
550 696 579 743 de
586 693 655 758 poenb
664 695 731 742 femi·

62 777 149 818 narum,
162 777 215 823 quae
226 764 297 810 servis
314 764 518 826 conjungerentur:
539 762 694 822 statuiturque,
706 767 732 806 ut

62 827 142 890 ignaro
154 827 246 874 domino
255 829 283 874 ad
298 828 320 875 id
332 829 443 890 prolapsae
454 828 476 873 in
489 828 596 874 servitute
603 844 611 883 ;
629 827 664 872 sin
675 840 731 872 con·

63 893 179 948 sensisset,
196 908 238 955 pro
259 893 345 939 libertis
366 894 507 940 haberentur.
539 890 643 945 Pallanti,
665 905 732 952 quem

64 964 203 1019 repertorem
218 959 267 1021 ejus
286 958 400 1005 relationis
419 958 519 1004 ediderat
531 955 615 1010 Caesar,
626 955 733 1018 praetoria

63 1022 170 1084 iusignia,
191 1029 214 1069 et
232 1024 318 1070 centies
336 1023 484 1085 quinquagies
500 1022 627 1069 sestertium
647 1020 735 1067 censuit

65 1088 144 1134 consul
163 1087 299 1148 designatus,
319 1087 394 1134 Barea
413 1082 528 1134 Soranus:
547 1086 646 1133 additum
658 1101 672 1132 a
683 1085 733 1133 Sci·

65 1153 132 1214 pione
145 1149 259 1208 Cornelio,
271 1158 348 1214 grates
353 1151 441 1213 publice
449 1151 554 1212 agendas,
565 1152 632 1212 quod,
644 1150 735 1212 regibus

65 1216 173 1264 Arcadiae
183 1222 253 1272 ortus,
268 1216 411 1263 veterrimam
429 1216 568 1262 nobilitatem
584 1215 633 1262 usui
644 1215 734 1276 publico

66 1287 219 1343 postponeret,
235 1296 304 1342 seque
322 1281 381 1327 inter
400 1281 516 1326 ministros
532 1279 639 1341 principis
657 1279 733 1325 haberi

68 1347 158 1393 sinerer.
191 1345 339 1393 Asseveravit
355 1343 471 1400 Claudius,
494 1352 625 1391 contentum
648 1343 734 1389 honore

67 1410 203 1466 Pallantem,
215 1411 274 1458 intra
284 1411 380 1472 priorem
390 1415 545 1472 paupertatem
557 1410 684 1456 subsistere.
700 1407 734 1454 Et

66 1475 137 1522 fixum
149 1483 185 1522 est
196 1491 242 1522 aare
255 1476 345 1538 publico
356 1475 594 1530 senatils-consultum,
606 1490 651 1535 quo
667 1473 733 1519 liber·

67 1542 134 1594 tinus,
142 1541 241 1588 sestertii
250 1548 284 1587 ter
291 1540 374 1588 millies
383 1554 506 1602 possessor,
513 1540 612 1599 antiquae
622 1539 734 1601 parcimo-

67 1607 112 1652 niae
121 1605 225 1653 laudibus
236 1606 397 1653 cumulabatur.

100 1669 171 1717 LIV.
186 1670 220 1718 At
231 1685 277 1718 non
288 1670 357 1718 frater
373 1672 428 1734 ejus,
440 1677 592 1732 cognomento
605 1669 676 1724 Felix,
689 1669 736 1731 pari

67 1735 223 1800 moderatione
233 1737 320 1798 agebat,
328 1737 376 1799 jam
384 1737 469 1798 pridem
481 1735 497 1784 J
499 1737 569 1782 udaeac
580 1736 704 1799 impositus,
713 1743 737 1781 et

68 1808 151 1848 cuncta
166 1800 285 1848 malefacta
302 1802 343 1848 sibi
361 1802 452 1863 impune
471 1809 537 1856 ratus,
559 1801 621 1847 tantia
634 1798 737 1862 potentii

67 1866 173 1914 subnixo.
206 1865 268 1925 Sane
283 1867 424 1929 praebuerant
442 1864 517 1914 Judaei
540 1865 637 1928 speciem
653 1864 736 1920 motds,

59 1928 119 1992 ,orti
130 1931 248 1988 seditione,
259 1941 377 1993 postquam
390 1929 418 1980 C.
425 1929 510 1980 Caesari
525 1931 584 1978 haud
595 1931 736 1991 obtempera·

68 2003 118 2042 tum
130 2009 191 2043 esset
197 2013 206 2054 ;
223 1995 316 2059 cognita
326 1997 389 2044 caede
399 1998 454 2059 ejus,
464 1994 553 2053 sedati5
571 1996 675 2042 manebat
686 2009 735 2040 me·

67 2068 112 2116 tus,
131 2077 162 2108 ne
180 2061 372 2124 quisprineipum
386 2062 464 2112 eadem
483 2061 628 2121 imperitaret.
660 2061 738 2120 Atque

67 2126 160 2182 interim
172 2125 239 2173 Felix
248 2127 413 2188 intempestivis
424 2126 527 2173 remediis
538 2126 618 2172 delicta
629 2124 738 2171 accende-

67 2192 116 2248 bat,
129 2191 252 2238 aemuload
263 2191 383 2238 deterrima
394 2191 503 2238 Ventidio
515 2188 627 2243 Cumano,
639 2190 675 2236 cui
686 2204 738 2252 pars

66 2256 193 2318 provineiae
203 2257 337 2304 habebatur:
357 2257 389 2303 ita
396 2257 478 2311 divisis,
492 2263 517 2302 ut
528 2257 579 2302 huic
591 2255 739 2302 Galilaeorum

68 2321 146 2378 nntio;
166 2319 237 2367 Felici
256 2322 373 2368 Samaritae
389 2328 499 2384 parerent,
512 2320 624 2369 discordes
639 2320 700 2373 olim,
716 2325 739 2365 et

69 2392 129 2444 tum,
141 2392 258 2432 contemtu
269 2388 403 2450 regentium,
413 2387 488 2436 minus
496 2386 603 2436 co'e're‘rtis
612 2385 680 2434 odiis.
690 2381 747 2446 lph-

67 2460 106 2494 tur
125 2456 214 2508 raptare
234 2453 296 2498 inter
317 2468 349 2508 se,
374 2454 502 2504 immittere
524 2455 648 2504 latronum
668 2449 766 2514 manos,

56 2523 193 2580 ⁶⁰¹²3P⁰¹¹ff⁶
210 2515 314 2575 ¹¹¹⁷&de
334 2528 361 2568 et
381 2523 512 2587 aliquando
533 2523 632 2590 proeli'rs
648 2514 783 2578 apparebis

43 2569 163 2639 'Wlfflq'oe
173 2582 200 2620 ‘³²
207 2582 306 2640 Pfaedas
315 2587 347 2634 ad
360 2603 548 2655 procuratores
558 2592 666 2642 reierre.
699 2581 800 2652 blm?

30 2642 112 2738 ¹,le
120 2633 205 2740 ffm'i’
216 2659 280 2696 ³²⁰³
289 2652 422 2716 gliscente
437 2663 567 2729 pernicie,
576 2674 646 2711 cum
652 2665 732 2708 arma
738 2641 815 2696 uinx-

561 2749 579 2781 u
