1680 3188
117 152 164 198 150
188 141 634 195 ANNALIUMLmXV1.ca1›.29.
660 141 780 183 U·C.8to.

121 271 220 326 Etenim,
236 274 289 333 quid
305 273 392 327 mirum,
412 289 425 319 c
440 273 567 336 longinquis
582 274 704 334 provinciis
721 274 782 321 baud

120 336 199 390 veniri,
210 351 261 384 cum
270 337 376 398 plerique,
389 337 461 398 adepti
470 338 608 384 consulatum
616 345 640 384 et
648 339 781 393 sacerdotia,

57 458 60 463 ⁴
120 401 236 446 bortomm
250 401 324 462 potius
337 401 460 447 amoenitati
475 401 622 448 inservirent:
643 402 704 463 quod
718 402 783 449 velut

120 464 189 510 telum
201 462 314 525 arripudre
323 470 469 511 accusatores.

154 525 279 575 XXVIII.
296 528 335 582 Et,
346 529 433 575 Initium
443 527 538 575 faciente
547 527 689 584 Cossutiano,
697 531 784 591 msJore

122 592 146 637 vi
157 591 286 646 Marcellus,
298 607 407 639 summam
418 593 574 653 rempublicam
583 593 627 654 agi,
639 594 781 640 clamitabat:

123 655 399 702 contumacibinleriorum
405 657 519 702 lenitatem
525 657 672 717 imperitantis
678 656 787 704 deminui.

123 719 228 766 Nimium
238 722 305 767 mites
312 721 340 767 ad
347 735 396 766 eam
405 720 464 766 diem
472 726 553 780 patres,
565 722 603 780 qui
611 719 736 768 Thraseam
744 721 784 767 de·

123 784 263 838 sciscentem,
280 786 317 845 qui
333 799 442 846 generum
456 786 512 846 ejus,
524 783 656 831 Helvidium
673 784 785 840 Priscum,

123 849 147 893 in
167 849 245 896 iisdem
263 848 381 904 furoribus,
400 848 466 894 simul
485 847 606 895 Paconium
624 847 784 911 Agrippinum,

124 914 211 973 paterni
223 914 244 958 in
255 914 365 975 principes
376 912 420 958 odii
433 913 549 966 haeredem,
561 919 584 957 et
595 909 700 959 Curtium
711 911 784 959 Mon·

125 983 210 1030 tanuna
225 978 354 1024 detestanda
368 976 466 1023 carmina
480 975 624 1030 factitantem,
636 976 728 1023 eludere
741 976 785 1022 im·

124 1055 186 1100 pune
196 1041 302 1088 sinerent.
333 1040 458 1101 Requirere
472 1056 496 1087 se
506 1041 529 1086 in
544 1047 623 1086 senatu
637 1040 785 1095 consularem,

126 1104 149 1150 in
160 1105 219 1157 sotis
230 1106 373 1159 sacerdotem,
381 1106 404 1150 in
409 1105 552 1167 jurejurando
562 1104 649 1151 civem:
668 1105 718 1159 nisi,
729 1118 785 1152 con·

124 1169 297 1217 trainstitutaet
304 1170 442 1216 caerimonim
449 1169 564 1230 majorum,
570 1168 787 1231 proditorempslsm

127 1239 152 1279 et
162 1234 249 1280 hostem
260 1232 360 1280 Thrasea
369 1233 483 1279 induisset
515 1231 622 1292 Denique
632 1238 712 1294 agera
722 1246 786 1280 sena

128 1303 207 1352 torem,
226 1305 249 1345 et
267 1298 371 1360 prIncipis
391 1298 548 1343 obtrectatores
567 1304 687 1358 protegere
703 1296 789 1352 solitus,

128 1363 223 1416 veniret,
238 1370 344 1414 censeret,
355 1363 408 1422 quid
418 1361 499 1422 corrigi
510 1361 638 1407 autmutari
653 1361 736 1407 vellet:
753 1360 788 1407 fs-

129 1427 193 1474 cilius
203 1427 326 1488 perlaturos
337 1426 426 1487 singula
439 1426 594 1484 increpantem,
606 1439 672 1484 quam
683 1440 745 1473 nuuc
758 1425 789 1471 si·

128 1492 222 1537 lentium
233 1490 357 1551 perterrent
367 1491 442 1537 omnia
451 1489 583 1535 damnantis.
612 1488 696 1536 Pacem
706 1490 739 1536 illi
749 1502 789 1551 pet

130 1556 206 1601 orbern
228 1561 301 1606 terrae,
316 1569 345 1601 an
361 1553 466 1600 victorias
483 1552 531 1598 sine
546 1552 628 1599 damno
642 1555 789 1608 exercituum,

128 1618 261 1680 displicere?
278 1617 317 1664 Ne
327 1618 446 1672 bominem,
457 1616 521 1662 bonis
534 1616 627 1676 publicis
639 1624 756 1674 moestusn,
767 1622 792 1663 et

130 1685 168 1746 qui
183 1683 237 1737 sora,
251 1684 344 1734 theatra,
358 1681 439 1743 templa
453 1696 494 1741 pro
505 1678 624 1726 solitudine
639 1681 736 1737 baberet,
752 1679 791 1741 qui

129 1748 271 1794 minitaretur
287 1746 388 1793 exstlium
403 1760 474 1798 suum,
491 1744 618 1791 ambitionis
632 1760 709 1806 pravas
727 1758 790 1792 com·

130 1819 206 1875 potem
217 1812 324 1858 facerent.
355 1808 410 1855 Non
426 1809 457 1854 illi
473 1808 574 1854 consulta
588 1809 644 1862 haec,
655 1823 701 1855 non
715 1808 790 1870 magi·

132 1884 216 1924 stratus
233 1882 271 1921 aut
293 1874 418 1920 Romanam
437 1873 513 1918 urbem
530 1872 608 1919 videri.
641 1871 793 1935 Abrumperet

131 1940 202 1987 vitam
220 1941 247 1986 ab
263 1936 289 1985 eia
304 1938 399 1991 civitate,
411 1937 474 1999 cujus
489 1935 602 1982 caritatem
618 1935 679 1992 obm,
691 1951 752 1983 nunc
768 1941 792 1983 et

130 2006 259 2063 adspectum
270 2002 375 2048 exuisset.

165 2067 264 2114 XXIX.
282 2064 341 2114 Cum
356 2081 395 2127 per
410 2065 459 2111 lraec
475 2071 541 2126 atque
556 2065 610 2111 talia
625 2065 756 2122 Marcellus,
768 2070 794 2112 ut

132 2139 181 2179 erat
191 2139 269 2179 torvus
279 2137 303 2176 et
317 2131 401 2185 minax,
412 2144 475 2183 voce,
486 2129 557 2183 vultu,
568 2129 640 2176 oculis
652 2130 792 2187 ardesceret3

133 2212 180 2243 non
191 2197 229 2242 illa
240 2202 293 2242 nota
303 2202 326 2240 et
337 2194 462 2240 celebritate
471 2193 619 2255 periculorum
631 2200 694 2255 sueta
700 2195 749 2257 jaim
758 2209 795 2241 se·

132 2260 200 2308 natds
215 2259 329 2314 moestitia,
341 2259 380 2304 sed
393 2272 466 2304 novus
476 2265 499 2304 et
510 2258 575 2304 altior
588 2273 664 2318 pavor,
676 2272 757 2305 manus
770 2263 795 2304 et

133 2326 179 2370 tela
189 2324 285 2370 militum
300 2322 453 2369 cernentibus:
473 2322 539 2368 simul
549 2322 619 2383 ipatus
633 2319 743 2369 'lbrasete
753 2336 794 2368 ve·

132 2388 236 2435 nerabilis
252 2388 337 2448 species
351 2386 519 2432 obversabatur:
540 2392 563 2433 et
577 2393 647 2439 erant,
658 2386 696 2446 qui
710 2384 795 2432 Helvi·

132 2452 194 2498 dium
205 2467 293 2512 quoqne
303 2451 466 2503 miserarentur,
478 2451 577 2497 innoxiae
591 2449 705 2496 affinitatis
716 2463 796 2510 poenas

133 2515 244 2562 daturum.
278 2515 340 2570 Quid
359 2515 486 2577 Agrippino
507 2516 626 2576 objectum,
638 2514 689 2559 nisi
708 2513 796 2558 tristem

122 2581 197 2638 patris
213 2580 350 2631 fortunam?
370 2580 462 2644 quando
482 2585 507 2626 et
516 2579 566 2629 ille,
578 2576 673 2635 perinde
683 2577 806 2627 inuocem,

116 2642 206 2696 moeni
228 2646 327 2700 saesitid
346 2646 498 2698 concidisset.
526 2641 660 2690 aarum
673 2633 822 2682 maumam
