1680 3188
196 120 246 175 ns
263 109 493 175 onarosrnns.
509 120 618 173 nasu.
667 89 739 174 ‘arr

68 255 176 301 conmuta
192 251 267 310 fucrit,
286 253 438 314 eloquentiam
449 254 570 313 novimum
586 252 672 307 Rhodii
691 253 743 316 qoi-

69 316 128 376 dnn,
140 315 513 386 Arnnmplunmonom
570 319 743 383 ιιιιηιιιιριιι

67 377 744 517 ιῗέηῗᾛι“ζιιιιι“ιιιὲ“ιιᾞῗέιὲ

69 512 141 561 donec
154 514 244 569 curavit,
262 514 335 563 donec
345 529 370 562 se
380 514 479 576 μιιιιιιιι
495 522 520 563 et
532 511 710 565 dissnnmonibus
719 520 745 562 ιι

69 577 185 636 dimordis
196 578 300 632 confecit,
312 579 384 628 donec
400 579 463 627 nulla
471 577 531 627 ιιιιιΙ
525 578 607 626 mforo
618 594 670 643 pax,
679 580 744 629 nuilla

69 642 94 689 in
104 650 185 690 senatu
196 644 322 699 concordia,
334 643 412 690 nulla'
406 659 430 690 nn
436 643 528 706 judiciis
538 644 670 700 moderatio,
682 645 745 693 nulls
793 701 798 707 ¹

69 709 210 771 superiorum
222 709 355 764 sarmentis,
372 707 449 756 nuilus
465 709 637 770 magistratuum
654 709 742 766 modus,

69 773 151 823 tuiit'
133 789 183 821 sine
192 774 260 824 dubio
277 773 426 822 valentiorem
441 772 607 834 eloquentiam
624 773 714 821 sicuti
707 789 744 821 ιιι-

67 838 167 893 domitus
183 853 243 901 ager
254 839 322 887 babet
338 839 447 900 quasdam
462 839 542 887 herbas
557 839 663 886 laetiores.
695 838 744 889 nod

67 917 111 953 neo
121 905 178 952 tanti
198 904 326 967 reipublicae
343 890 501 952 Gracchorum
516 902 645 964 eloquentia
655 902 706 961 tuit,
717 909 744 952 ut

66 977 183 1031 poteratur
199 977 223 1017 ct
239 970 317 1045 iuges,
343 984 386 1017 nec
408 970 476 1018 boae
491 967 588 1016 formam
607 969 744 1032 eloquentia

66 983 152 1085 Cicero
163 1033 202 1091 tali
210 1035 273 1087 exitu
282 1033 395 1098 pensavit·

100 1094 195 1145 XLI:
196 1098 249 1146 διο
255 1114 353 1161 quoque,
365 1098 426 1162 quod
435 1104 538 1161 superest
548 1097 634 1160 snuqur
642 1097 739 1147 oratori

66 1161 140 1218 brus
136 1179 209 1221 orum,
213 1180 260 1212 non
271 1165 403 1222 emundatae,
415 1178 458 1212 noc
468 1178 540 1225 usque
550 1162 579 1211 sd
586 1168 667 1211 votum
678 1176 744 1212 com·

66 1230 152 1291 positae,
173 1230 271 1277 civitatis
288 1237 446 1293 argumentum
464 1235 508 1276 est
541 1227 601 1283 Quis
618 1229 679 1276 enim
698 1242 742 1281 noo

67 1293 169 1349 advocat,
186 1295 230 1341 nisi
248 1301 287 1342 ιιιι
303 1311 390 1343 nooens
406 1301 447 1344 unt
460 1293 549 1343 miser?
565 1294 626 1355 quod
643 1293 741 1341 munici-

66 1359 130 1420 pium
137 1360 162 1406 in
170 1359 284 1406 civitatem
292 1360 471 1414 nostramvenit,
482 1359 525 1405 nisi
533 1359 594 1420 quod
604 1365 644 1406 aut
653 1359 743 1407 vicinus

27 1433 29 1437 ’
65 1423 169 1486 populus,
181 1433 220 1471 ant
231 1425 355 1472 domestica
372 1425 488 1481 discordia,
499 1422 589 1486 agitat?
604 1438 672 1484 quam
688 1439 741 1487 pro·

66 1489 166 1535 vinciam
180 1495 275 1546 tuemur,
289 1490 332 1537 nisi
343 1490 460 1552 spoliatam
471 1488 637 1550 sexuumque?
669 1487 743 1550 Atqui

67 1553 149 1600 melius
163 1552 245 1600 suisset
260 1569 307 1602 non
324 1555 392 1616 queri,
410 1569 476 1616 quam
492 1554 608 1601 vindicari.
642 1552 711 1609 Quod
722 1553 742 1602 si

65 1618 205 1666 inveniretur
215 1619 290 1680 aliqua
305 1619 390 1675 civitas,
401 1620 425 1666 in
436 1617 481 1681 qni
496 1633 564 1666 nemo
580 1625 691 1681 peccaret,
702 1633 742 1666 su·

67 1697 193 1746 pervacuus
210 1691 270 1732 esset
285 1686 346 1731 inter
361 1685 493 1732 innocentes
509 1691 592 1739 orator,
609 1684 668 1731 sicut
682 1684 743 1732 inter

67 1763 135 1795 sanos
151 1750 258 1797 medicus.
296 1749 351 1804 Quo
366 1749 434 1796 modo
451 1755 527 1796 tamen
543 1749 661 1796 minimum
679 1748 741 1806 usis,

67 1814 232 1875 minimumque
239 1814 354 1876 profectus
365 1813 518 1862 arsmedentis
528 1813 595 1861 habet
605 1814 629 1860 in
637 1814 672 1861 bis
682 1829 741 1876 gen·

66 1879 133 1934 tibus,
145 1893 197 1938 qnae
207 1877 336 1927 firmissimi
346 1878 474 1934 valetudine
484 1879 673 1943 sclsaluberriornis
689 1894 741 1926 cor-

64 1944 158 2006 poribus
176 1949 286 2000 ntnntnr;
304 1944 336 1990 sic
352 1945 427 1991 minor
449 1952 563 1993 oratorum
582 1944 741 2007 obscuriorque

66 2009 140 2071 gloria
151 2015 187 2055 est
196 2009 255 2055 inter
266 2009 338 2055 bonos
346 2023 428 2063 mores,
439 2015 463 2056 et
471 2010 495 2057 in
503 2010 632 2070 obsequium
640 2009 741 2073 regentis

65 2080 165 2136 paratos.
198 2073 261 2128 Quid
278 2073 339 2120 enirn
356 2088 413 2136 opus
425 2082 459 2120 est
469 2074 545 2136 longis
555 2074 579 2120 in
590 2081 671 2122 senatu
687 2089 740 2122 sen·

66 2138 150 2193 tentiis,
175 2153 227 2184 cnm
247 2139 325 2201 optimi
344 2140 390 2186 cito
406 2138 566 2186 consentiant?
590 2140 643 2200 quid
663 2139 742 2188 miritis

67 2204 128 2266 apud
138 2203 246 2265 populum
258 2203 410 2259 concionibus,
423 2219 474 2251 curn
483 2205 511 2250 de
520 2203 633 2266 republicd
643 2219 689 2252 non
697 2205 741 2251 im·

67 2268 135 2332 periti
146 2268 244 2315 etmulti
256 2268 387 2326 deliberent,
396 2269 435 2316 sed
443 2269 619 2332 sapientissimus
630 2277 654 2316 et
664 2269 743 2317 nnus?

66 2333 122 2395 quid
132 2333 265 2380 voluntariis
275 2334 459 2389 accusationibus,
473 2349 525 2380 cnm
537 2340 582 2380 tam
594 2348 644 2381 raro
655 2340 679 2380 et
693 2341 740 2381 tam

65 2413 134 2462 parce
155 2398 278 2460 peccetur?
312 2398 366 2459 quid
393 2399 509 2446 invidiosis
533 2405 557 2446 et
582 2397 743 2447 excedentibus

64 2464 159 2512 modum
174 2462 345 2520 defensionibus,
365 2478 417 2510 cum
436 2463 554 2511 clementia
581 2465 741 2541 cognoscentis

67 2521 157 2576 obviam
174 2527 350 2589 periclitantibus
365 2527 424 2576 eat?
451 2527 552 2586 Credite,
569 2530 654 2592 optimi,
672 2536 701 2583 et,
718 2530 743 2578 in

64 2601 176 2657 quantum
187 2607 244 2655 opus
255 2599 298 2648 est,
308 2593 481 2643 disertissimi
459 2595 512 2651 uui,
525 2595 548 2642 ai
555 2602 597 2642 sut
604 2594 743 2655 conqueri-

61 2659 105 2709 bus
115 2657 218 2719 somn.
228 2666 271 2713 aut
278 2661 327 2721 isti,
334 2678 396 2733 quos
404 2657 772 2723 numumunuswsouw
