1680 3188
134 464 167 509 ss
228 456 420 507 annuarum
431 456 561 506 aaxrv.
574 455 663 508 cras.
677 457 799 515 ,acon

168 587 202 637 11.
218 586 299 638 Tradit
310 588 412 644 Cluvius,
422 587 572 652 Agrippinam
583 589 661 637 ardore
672 588 797 636 retinendae

135 655 244 718 potentiae
255 671 283 702 eo
294 652 365 716 alque
375 662 510 717 provectam,
522 662 548 701 ut
562 654 636 702 medio
647 654 697 708 diei,
709 669 761 699 cum
773 654 798 699 id

135 720 242 782 temporis
264 717 329 767 Nero
350 735 390 781 per
411 720 489 767 viuum
508 727 531 766 et
550 720 626 782 epulas
644 718 797 774 incalesceret,

133 784 224 832 offerret
232 801 257 832 se
267 786 349 846 saepius
360 785 482 832 temulento
494 790 591 830 comtum
602 791 626 830 et
636 784 721 830 incesto
729 797 796 845 para·

133 859 188 897 tam.
220 849 322 911 Jamque,
339 848 425 897 lascivd
439 850 514 896 oscula
525 857 548 896 et
564 849 701 911 praenuntias
715 847 798 909 flagitii

133 915 251 962 blanditias
272 915 428 961 cunctantibus
446 914 561 975 proximis,
586 913 694 960 Senecam
717 920 797 959 contra

134 980 252 1027 muliebres
270 979 384 1026 illecebras
401 979 522 1026 subsidium
541 977 657 1025 alemini
675 977 795 1040 petivisset

134 1045 301 1105 immissamque
318 1044 399 1098 Acten,
417 1044 525 1098 libertam,
536 1058 595 1104 quae,
606 1042 672 1096 simul
683 1057 725 1088 suo
735 1042 796 1104 peri·
827 1040 832 1046 ”

134 1110 192 1164 culo,
207 1117 231 1156 et
245 1107 336 1155 infamiis
352 1105 451 1155 Neronis
466 1109 538 1163 auxia,
555 1106 658 1164 deferret,
674 1107 797 1170 pervulga·

135 1183 182 1219 tum
194 1188 243 1220 esse
253 1174 370 1227 incestum,
382 1173 493 1234 gloriante
509 1179 586 1228 matre,
605 1188 646 1219 nec
660 1173 797 1218 toleraturos

133 1238 217 1293 milites
224 1237 312 1300 profani
320 1238 426 1300 principis
436 1238 561 1298 imperium.
586 1236 668 1284 Fabius
678 1236 796 1291 Rusticus,

133 1319 181 1349 uon
196 1303 335 1365 Agrippinae,
354 1301 492 1351 aedNeroui
510 1304 609 1364 cupitum
627 1302 656 1355 id,
676 1309 796 1358 memorat,

131 1368 275 1430 ejusdemque
291 1369 376 1414 libertae
390 1373 440 1414 astu
455 1367 579 1429 disjectum.
611 1367 662 1421 Sed,
674 1381 725 1426 quae
738 1363 795 1413 clu·

132 1434 190 1488 vius,
207 1432 283 1479 eadem
303 1433 381 1480 caeteri
397 1447 486 1493 quoque
502 1439 604 1479 auctores
621 1429 754 1497 prpdiddre3
770 1437 796 1476 et

131 1496 191 1544 fama
203 1498 248 1545 huc
263 1498 369 1544 inclinat:
390 1513 429 1544 seu
445 1512 514 1544 conce
531 1498 549 1543 it
562 1498 637 1543 auimo
651 1502 739 1547 tantum
750 1495 795 1540 im·

131 1563 244 1609 munitatis
263 1562 394 1625 Agrippina,
414 1577 453 1608 seu
471 1513 594 1609 credibilior
610 1576 676 1609 novae
698 1560 796 1607 libidinis

131 1628 247 1674 meditatio
258 1628 281 1674 in
291 1627 320 1674 eb
330 1628 378 1674 visa
388 1634 429 1682 est,
447 1642 506 1687 quae,
519 1627 652 1689 puellaribus
661 1625 733 1680 annis,
744 1632 794 1672 stu-

131 1707 196 1753 prum
213 1706 264 1738 cum
276 1690 369 1753 Lepido,
381 1707 421 1752 spe
432 1692 595 1745 dominationis,
607 1691 732 1744 admiserat,
744 1688 793 1751 pari

131 1757 236 1817 cupidine
246 1771 316 1817 usque
326 1757 355 1803 ad
365 1756 426 1803 libita
438 1755 546 1803 Pallantis
557 1756 681 1819 provoluta,
692 1762 717 1802 et
726 1769 793 1801 exer·

132 1821 176 1867 cita
186 1822 214 1867 ad
225 1836 292 1867 omne
302 1820 413 1883 flagitium
423 1823 496 1882 patrui
507 1823 597 1883 nuptiis.

162 1883 209 1931 111.
227 1883 301 1948 Igitur
312 1885 375 1932 Nero
383 1887 454 1933 vitare
465 1893 563 1933 secretos
577 1888 625 1950 ejus
636 1899 787 1948 congressuaz

130 1950 285 2003 abscedentem
296 1951 319 1996 iu
333 1951 418 2006 hortos,
434 1958 473 1998 aut
487 1950 648 2005 Tusculanum,
660 1951 696 1998 vel
709 1949 792 1996 Antia-

130 2021 176 2061 tem
184 2016 207 2060 in
219 2031 305 2076 agrum,
316 2016 412 2070 laudare,
424 2015 484 2076 quod
495 2017 565 2063 otium
581 2016 706 2063 lacesseret.
732 2013 792 2061 Poa-

128 2087 214 2135 tremo,
223 2081 355 2140 ubicumque
372 2081 495 2136 haberetur,
513 2096 654 2144 praegravem
669 2087 737 2135 ratus,
754 2080 791 2124 in·

129 2143 229 2190 terllcere
245 2146 372 2191 constituit:
393 2146 499 2193 hactenus
510 2147 646 2201 consultans,
657 2160 751 2199 veneno,
761 2158 791 2190 su

128 2208 195 2262 ferro,
207 2209 243 2255 vel
260 2207 303 2270 qud
320 2209 363 2257 alid
379 2211 415 2256 vi:
434 2211 561 2271 placuitque
580 2212 652 2272 primo
669 2222 792 2256 venenum.

130 2273 174 2320 Sed
185 2275 243 2320 inter
254 2274 330 2337 epulas
340 2274 445 2337 principis
456 2276 475 2322 si
483 2277 578 2330 dmetur,
590 2275 666 2322 referri
674 2275 703 2320 ad
714 2287 791 2320 casum

128 2353 174 2384 non
185 2347 279 2400 poterat,
291 2340 329 2386 tali
339 2342 388 2402 jam
405 2339 530 2387 Britannici
540 2341 624 2398 exitio;
641 2347 665 2387 et
674 2339 791 2385 urinistros

127 2410 213 2450 tentare
224 2405 316 2450 arduum
333 2405 448 2452 videbatur
456 2406 560 2460 mulieris,
573 2421 614 2451 usu
626 2404 735 2451 scelerum
749 2403 790 2449 ad·

126 2484 205 2515 versus
216 2470 306 2516 iusidias
320 2470 428 2517 intentae:
449 2477 516 2530 atque
526 2472 574 2531 ipsa
584 2468 740 2531 praesumendo
752 2481 790 2514 re·

127 2534 201 2580 media
216 2535 327 2581 munierat
341 2551 429 2596 corpus.
462 2534 557 2581 Ferrum
568 2541 592 2580 et
602 2534 676 2580 caedes
691 2546 791 2592 quonam

126 2598 194 2644 modo
205 2599 359 2654 occultaretur,
372 2615 438 2646 nemo
454 2601 591 2661 reperiebat;
609 2607 638 2650 et,
649 2613 679 2643 ne
690 2598 746 2658 quis,
759 2597 792 2643 illi

126 2670 189 2709 tanto
206 2663 298 2710 facinori
318 2665 423 2719 delectus,
439 2666 503 2727 jussa
524 2671 647 2726 sperneret,
669 2662 791 2708 metuebat.

127 2726 214 2774 Obtulit
225 2729 339 2790 ingenium
349 2729 459 2776 Anicetus
470 2729 567 2783 libertus,
576 2729 641 2775 classi
649 2726 708 2788 apud
714 2726 790 2772 Mise-

127 2806 182 2837 num
204 2794 329 2853 praefectus,
350 2802 373 2840 et
392 2795 493 2855 pueritiae
515 2793 613 2840 Neronis
630 2792 743 2847 educator,
763 2804 791 2836 ac

79 2902 84 2909 ¹
115 2858 205 2901 mutuis
216 2859 274 2903 odiis
284 2859 525 2923 Agrippinaeiuviaus.
548 2859 621 2921 Ergo,
631 2871 712 2903 narem
722 2869 791 2917 posse

101 2921 221 2976 ⁰⁰¹²⁷P0¹¹12
241 2923 318 2980 docet,
331 2928 400 2992 euJus
414 2942 478 2990 pars,
493 2928 546 2992 ipso
560 2926 587 2972 'sn
600 2922 660 2969 mari
670 2935 712 2983 per
727 2928 803 2964 artem

44 2950 171 3035 Muta,
184 2985 322 3040 edbnderet
334 2993 468 3057 ignaram:
488 2993 552 3043 nibil
559 3000 609 3040 mun
620 3000 694 3050 capax
701 2982 814 3029 imm·
