1680 3188
72 151 181 196 J.c.⁶o.
231 150 430 201 ‚ANNALIUM
440 151 569 202 me1v.
581 152 669 203 Caa5.
717 151 748 200 67

78 301 139 339 rum,
157 299 225 345 quam
246 300 322 342 mare;
343 291 372 340 et,
393 286 411 331 si
431 285 547 348 naufragio
556 287 687 349 ‚intercepta
706 282 742 337 sit,

75 366 146 411 quem
158 351 215 397 adeo
226 350 334 410 iniquum,
342 357 367 396 ut
375 350 453 397 sceleri
461 352 567 413 assignet,
575 352 635 413 quod
645 349 707 397 venti
718 354 743 394 et

77 415 163 462 fluctus
174 415 326 476 deliquerint?
350 414 485 461 Additurum
496 417 622 479 principem
629 415 743 462 defunctoe

78 481 189 541 templum
202 487 292 532 etates,
304 487 327 525 et
335 488 417 526 caetera
427 482 566 527 ostentandae
576 481 658 542 pietati.

109 543 155 590 lv.
173 543 264 591 Placuit
274 544 379 599 sollertia,
390 554 490 606 tempore
501 547 568 591 etiam
577 548 634 608 juta,
650 544 739 606 quando

77 609 262 670 Quinquatruum
273 608 344 655 festos
361 610 407 656 dies
423 610 482 671 apud
500 609 566 656 Baias
579 610 740 670 frequentabat.

75 673 136 721 Illuc
147 681 242 720 matrem
253 673 320 728 elicit,
330 673 432 731 ferendas
443 682 560 735 parentum
574 675 705 727 iracundias,
716 680 741 720 et

75 739 212 802 placandum
229 738 461 794 animum‚.dictitans,
479 755 524 800 quo
535 755 647 786 rumorem
659 754 740 785 recon-

75 804 197 850 ciliationis
208 801 314 860 efficeret,
325 803 478 865 acciperetque
489 804 624 866 Agrippina,
635 803 693 850 facili
704 803 739 850 fe·

75 869 190 915 minarum
201 867 331 913 credulitate
345 867 373 914 ad
383 869 472 929 gaudia.
503 867 639 916 Venientem
651 869 738 923 dehinc,

75 934 156 980 obvius
176 933 291 987 inlitora,
317 933 380 994 (nam
403 932 474 979 Antio
493 932 636 993 adventabat)
657 934 740 994 excipit

75 1013 146 1044 manu
157 1006 181 1044 et
193 997 324 1058 complexu,
343 997 448 1057 ducitque
462 997 553 1044 Baulos.
587 997 615 1044 Id
626 998 685 1043 villae
697 1013 739 1044 no·

75 1076 129 1109 men
141 1070 183 1117 est,
191 1078 250 1122 quae,
259 1063 438 1123 promontorium
446 1061 561 1108 Misenum
570 1063 629 1109 inter
639 1073 662 1108 et
670 1062 739 1108 Baia-

75 1141 132 1174 num
143 1128 224 1181 lacuna
243 1125 303 1174 flexo
317 1128 373 1173 mari
385 1127 482 1173 alluitur·
514 1128 592 1174 Stabat
610 1128 668 1173 inter
685 1127 740 1174 alias

76 1193 141 1239 naris
158 1193 263 1246 ornatior,
283 1199 397 1252 tamquam
416 1192 440 1237 id
458 1206 547 1252 quoque
564 1192 642 1237 honori
662 1192 740 1238 matria

76 1257 182 1304 dareturs
201 1256 283 1318 quippe
300 1263 405 1303 sueverat
424 1256 514 1311 triremi,
535 1264 559 1302 et
576 1256 739 1301 classiariorum

75 1322 172 1384 remigio
190 1322 258 1368 vehi:
274 1335 303 1367 ac
323 1328 371 1367 tum
389 1321 483 1367 invitata
500 1321 528 1366 ad
547 1321 623 1381 epulas
642 1327 740 1373 eratnt

76 1386 211 1434 occultando
221 1385 315 1435 facinori
326 1401 372 1432 nox
383 1385 529 1433 adhiberetur.
564 1386 623 1432 Satis
632 1385 739 1441 constitit,

40 1464 46 1477 '
77 1453 191 1499 exstitisse
198 1452 342 1512 proditorem,
354 1457 377 1497 et
388 1450 543 1512 Agrippinam,
555 1451 635 1497 auditis
646 1449 738 1506 insidiis,

75 1533 105 1563 an
121 1518 224 1563 crederet
241 1516 374 1576 ambiguam,
392 1517 518 1577 gestamine
537 1516 598 1562 sellae
610 1515 677 1562 Baias
687 1531 739 1578 per.-

77 1588 174 1628 vectam.
207 1579 242 1626 Ibi
253 1580 428 1627 blandimentum
444 1580 567 1626 sublevavit
577 1589 678 1627 metum:
699 1595 738 1626 eo·

77 1648 144 1693 miter
154 1651 255 1708 excepta,
265 1660 373 1707 superque
383 1646 456 1706 ipsum
468 1645 581 1692 collocata
615 1645 676 1692 Nam
688 1645 737 1706 plu·

76 1712 138 1759 ribus
149 1711 295 1764 sermonibus,
314 1711 382 1756 modo
399 1709 547 1757 familiaritate
559 1711 654 1770 juvenili
667 1709 738 1765 Nero,

77 1783 100 1824 et
110 1791 189 1823 rursus
201 1776 315 1830 adductus,
328 1776 389 1836 quasi
402 1775 459 1820 seria
470 1776 614 1830 consociaret,
632 1783 703 1822 tracto
714 1775 738 1821 in

75 1841 173 1903 longum
184 1841 295 1895 convictu,
304 1841 445 1902 prosequitur
454 1841 579 1894 abeuntem,
590 1841 672 1887 arctius
683 1855 738 1886 ocu-

76 1906 104 1953 lis
115 1913 140 1952 et
149 1906 236 1968 pectori
248 1907 341 1958 haerens,
359 1906 408 1950 sive
418 1903 528 1966 explendi
538 1906 686 1958 simulatione,
698 1920 738 1951 scu

76 1970 271 2032 perituraematn's
287 1985 404 2032 supremus
413 1971 531 2032 adspectus
546 1970 647 2031 quamvis
664 1969 738 2016 ferum

75 2038 176 2082 animum
188 2037 303 2082 retinebat

109 2099 140 2147 V.
159 2099 258 2147 Noctem
277 2100 384 2150 sideribus
405 2100 514 2146 illustrem
532 2106 556 2145 et
576 2099 663 2160 placido
682 2099 739 2145 mari

76 2165 183 2226 quietam,
204 2166 266 2226 quasi
284 2165 462 2211 convincendum
481 2165 509 2210 ad
526 2165 605 2219 scelus,
632 2164 662 2210 dii
677 2178 738 2226 prae·

75 2229 152 2277 haere.
185 2229 237 2275 Nec
245 2231 343 2276 multum
354 2237 402 2276 erat
412 2244 532 2290 progressa
542 2244 612 2283 uaris,
628 2229 714 2277 duobus
725 2243 738 2274 e

77 2310 173 2344 numero
191 2294 330 2341 familiarium
347 2295 497 2356 Agrippinam
517 2294 689 2340 comitantibus:
709 2307 739 2338 ex

75 2361 126 2421 quis
139 2358 274 2420 Crepereius
286 2359 366 2406 Gallus
375 2359 433 2406 haud
443 2359 520 2420 procul
531 2359 688 2420 gubernaculis
699 2357 739 2404 ad-

76 2427 163 2482 stabat3
183 2425 314 2478 Acerronia,
335 2439 402 2485 super
421 2425 488 2483 pedes
504 2425 624 2470 cubitantis
642 2422 738 2477 reclinis,

75 2489 232 2552 poenitentiam
243 2487 290 2543 filii,
301 2496 325 2534 et
336 2496 486 2550 recuperatam
497 2489 575 2535 matris
585 2487 688 2549 gratiam,
699 2502 740 2548 per

76 2554 185 2615 gaudium
197 2554 350 2612 memorabat3
368 2563 427 2611 cum,
448 2554 501 2602 dato
518 2554 594 2618 signu,
608 2568 678 2600 ruere
690 2560 744 2598 tee-

70 2628 120 2660 nrm
130 2617 181 2670 loci
202 2618 277 2666 multo
295 2621 391 2682 plumbo
408 2638 499 2688 grave,
516 2617 765 2686 praeeminentem·

58 2679 122 2724 reius
134 2688 157 2726 et
168 2683 248 2730 statim
262 2688 416 2741 exanimatus
428 2699 475 2742 est,
514 2689 657 2759 Agrippina
665 2693 694 2733 et
706 2684 785 2738 keer-
