1664 2910
203 6 278 37 rarum
301 6 430 39 mustum„
446 29 465 38 ..

204 58 244 102 sed
257 57 343 118 judicio
361 65 385 104 et
402 57 524 105 intellectu.
558 58 623 103 Vion
643 80 719 116 nm,
742 105 746 111 ,

202 130 255 167 nnte
266 123 373 177 dicebam,
390 138 441 169 eum
454 122 582 169 conditione
592 130 727 183 temporum,
739 136 767 168 ae
778 122 818 168 divr

203 196 249 233 tate
258 187 351 243 aurium,
360 186 455 234 formam
466 203 555 248 quoque
566 202 592 233 ae
601 187 698 249 speeiem
706 186 816 234 orationis

203 252 342 298 mutandum.
374 251 450 299 Facile
466 252 591 314 perferebat
600 253 662 312 prior
673 251 716 298 iste
726 252 818 313 populus

203 317 320 378 imperitus
330 324 354 363 et
365 317 433 373 rudis,
449 317 670 379 impeditissimarum
681 318 811 363 orationum

203 383 248 436 tia3
266 391 333 442 atque
351 382 374 428 id
392 383 465 444 ipsum
483 383 543 429 laudi
560 382 658 437 dabatur,
676 381 695 428 si
710 381 810 429 dicendo

204 447 264 492 diem
276 447 392 494 eximeret.
424 445 473 494 Ista
484 463 538 495 vero
553 447 622 508 longa
637 446 818 509 principiorum]

204 512 297 573 paratio,
314 519 337 557 et
348 512 482 558 narrationis
497 513 542 558 alte
554 512 648 573 repetite
658 513 739 569 series,
756 519 780 558 et
790 527 818 558 mr

205 593 255 622 rum
275 576 410 623 divisionum
426 577 554 631 ostentatio,
571 584 595 622 et
610 576 673 623 mille
686 584 818 639 argument(

205 642 296 704 gradus,
314 648 337 687 et
347 641 453 701 quidquid
465 641 524 687 aliud
536 641 666 687 aridissimis
683 640 816 704 Hermagor

206 706 340 767 Apollodori
357 706 419 755 libris
436 706 571 767 praecipitur,
588 706 612 751 in
627 707 714 752 honore
725 713 789 753 erat:
808 728 811 745 ι

206 773 262 832 quis,
281 771 386 818 odoratus
403 770 574 832 philosophiam,
591 785 621 816 ex
637 768 665 818 eia
681 771 759 817 locum
778 771 807 818 ali

205 837 300 883 orationi
312 851 360 883 suae
371 837 486 892 insereret,
503 837 527 881 in
538 836 621 882 eoelum
635 834 740 883 laudibus
754 835 803 883 sera

206 901 259 947 Nec
267 901 357 947 mirum.
388 900 463 948 Erant
473 901 534 947 enim
545 902 594 947 haec
606 914 665 947 nova
673 908 697 947 et
704 901 799 964 ineogni

205 967 306 1029 ipsorum
313 981 403 1027 quoque
414 972 528 1013 oratorum
539 966 665 1028 paucissimi
676 974 793 1029 praeeepta

205 1047 264 1085 rum,
280 1038 320 1078 aut
335 1031 517 1093 philosophorum
532 1031 620 1093 placita,
637 1039 791 1092 cognoverant

208 1095 318 1151 Hercule,
335 1097 474 1158 pervulgatis
480 1098 529 1157 jam
540 1096 650 1151 omnibus,
667 1111 720 1142 eum
738 1097 780 1144 vix

206 1160 263 1208 roni
273 1161 389 1223 quisquam
401 1161 496 1215 assistat,
513 1162 551 1222 qui
561 1161 678 1208 elementis
686 1162 782 1208 studion

207 1242 253 1273 non
263 1227 390 1280 instructus,
399 1234 422 1272 ut
433 1232 493 1272 certe
501 1227 599 1273 imbutus
606 1227 642 1280 sit,
651 1226 717 1273 novis
726 1234 750 1273 et
758 1242 778 1274 ea

207 1291 342 1353 eloquentiae
353 1291 468 1338 itineribus
479 1307 536 1353 opus
547 1300 588 1347 est,
605 1307 645 1354 per
655 1306 708 1352 quae
723 1299 774 1339 orat

210 1357 269 1394 Μ
287 1357 373 1403 aurium
391 1355 491 1417 effugiat,
508 1357 585 1417 utique
602 1356 660 1418 apud
675 1357 771 1419 eosjud

456 1437 469 1444 *
481 1422 529 1459 ‘ure
540 1429 563 1467 et
571 1422 664 1478 legibus,
682 1436 766 1478 eognor
