<?xml version="1.0" encoding="UTF-8"?>
<!DOCTYPE html PUBLIC "-//W3C//DTD XHTML 1.0 Transitional//EN"
    "http://www.w3.org/TR/xhtml1/DTD/xhtml1-transitional.dtd">
<html xmlns="http://www.w3.org/1999/xhtml" xml:lang="en" lang="en">
 <head>
  <title>
</title>
<meta http-equiv="Content-Type" content="text/html;charset=utf-8" />
  <meta name='ocr-system' content='tesseract 3.04.00' />
  <meta name='ocr-capabilities' content='ocr_page ocr_carea ocr_par ocr_line ocrx_word'/>
</head>
<body>
  <div class='ocr_page' id='page_1' title='image "./ccorneliitaciti01obergoog_0251.png"; bbox 0 0 1680 3188; ppageno 0'>
   <div class='ocr_carea' id='block_1_1' title="bbox 103 430 638 483">
    <p class='ocr_par' dir='ltr' id='par_1_1' title="bbox 103 430 638 483">
     <span class='ocr_line' id='line_1_1' title="bbox 103 430 638 483; baseline -0.002 -1"><span class='ocrx_word' id='word_1_1' title='bbox 103 437 151 482; x_wconf 70' lang='lat'><strong>246</strong></span> <span class='ocrx_word' id='word_1_2' title='bbox 231 431 280 481; x_wconf 83' lang='lat' dir='ltr'><strong>DE</strong></span> <span class='ocrx_word' id='word_1_3' title='bbox 294 431 521 483; x_wconf 66' lang='lat' dir='ltr'><strong>enunciamus</strong></span> <span class='ocrx_word' id='word_1_4' title='bbox 541 430 638 483; x_wconf 71' lang='lat' dir='ltr'><strong>Cant..</strong></span> 
     </span>
    </p>
   </div>
   <div class='ocr_carea' id='block_1_2' title="bbox 87 560 788 3033">
    <p class='ocr_par' dir='ltr' id='par_1_2' title="bbox 99 560 764 1458">
     <span class='ocr_line' id='line_1_2' title="bbox 99 560 764 626; baseline -0.002 -14"><span class='ocrx_word' id='word_1_5' title='bbox 99 564 167 612; x_wconf 87' lang='lat' dir='ltr'><strong>etiam</strong></span> <span class='ocrx_word' id='word_1_6' title='bbox 188 563 247 626; x_wconf 92' lang='lat' dir='ltr'><strong>apud</strong></span> <span class='ocrx_word' id='word_1_7' title='bbox 263 564 360 624; x_wconf 83' lang='lat' dir='ltr'><strong>juvenes</strong></span> <span class='ocrx_word' id='word_1_8' title='bbox 377 570 402 611; x_wconf 87' lang='lat' dir='ltr'><strong>et</strong></span> <span class='ocrx_word' id='word_1_9' title='bbox 418 565 575 618; x_wconf 71' lang='lat' dir='ltr'><strong>adolescentes,</strong></span> <span class='ocrx_word' id='word_1_10' title='bbox 593 560 675 623; x_wconf 89' lang='lat' dir='ltr'><strong>quibus</strong></span> <span class='ocrx_word' id='word_1_11' title='bbox 692 561 764 611; x_wconf 78' lang='lat' dir='ltr'><strong>morlo</strong></span> 
     </span>
     <span class='ocr_line' id='line_1_3' title="bbox 101 626 762 691; baseline 0.002 -17"><span class='ocrx_word' id='word_1_12' title='bbox 101 636 163 685; x_wconf 73' lang='lat' dir='ltr'><strong>recta</strong></span> <span class='ocrx_word' id='word_1_13' title='bbox 172 635 197 675; x_wconf 90' lang='lat' dir='ltr'><strong>et</strong></span> <span class='ocrx_word' id='word_1_14' title='bbox 211 627 297 675; x_wconf 86' lang='lat' dir='ltr'><strong>indoles</strong></span> <span class='ocrx_word' id='word_1_15' title='bbox 306 636 347 683; x_wconf 87' lang='lat' dir='ltr'><strong>est,</strong></span> <span class='ocrx_word' id='word_1_16' title='bbox 364 635 386 675; x_wconf 89' lang='lat' dir='ltr'><strong>et</strong></span> <span class='ocrx_word' id='word_1_17' title='bbox 396 629 455 678; x_wconf 92' lang='lat' dir='ltr'><strong>bona</strong></span> <span class='ocrx_word' id='word_1_18' title='bbox 471 644 521 691; x_wconf 88' lang='lat' dir='ltr'><strong>spes</strong></span> <span class='ocrx_word' id='word_1_19' title='bbox 531 627 582 675; x_wconf 76' lang='lat' dir='ltr'><strong>sui?</strong></span> <span class='ocrx_word' id='word_1_20' title='bbox 600 626 707 680; x_wconf 67' lang='lat' dir='ltr'><strong>Quom</strong></span> <span class='ocrx_word' id='word_1_21' title='bbox 716 640 762 677; x_wconf 66' lang='lat' dir='ltr'><strong>nm.</strong></span> 
     </span>
     <span class='ocr_line' id='line_1_4' title="bbox 100 689 759 754; baseline 0 -15"><span class='ocrx_word' id='word_1_22' title='bbox 100 694 162 739; x_wconf 81' lang='lat' dir='ltr'><strong>mina</strong></span> <span class='ocrx_word' id='word_1_23' title='bbox 182 692 244 754; x_wconf 88' lang='lat' dir='ltr'><strong>prius</strong></span> <span class='ocrx_word' id='word_1_24' title='bbox 264 705 366 754; x_wconf 82' lang='lat' dir='ltr'><strong>parentes</strong></span> <span class='ocrx_word' id='word_1_25' title='bbox 386 692 460 740; x_wconf 88' lang='lat' dir='ltr'><strong>liberis</strong></span> <span class='ocrx_word' id='word_1_26' title='bbox 481 693 527 739; x_wconf 89' lang='lat' dir='ltr'><strong>suis</strong></span> <span class='ocrx_word' id='word_1_27' title='bbox 547 689 675 754; x_wconf 77' lang='lat' dir='ltr'><strong>ingemunt?</strong></span> <span class='ocrx_word' id='word_1_28' title='bbox 700 705 759 752; x_wconf 67' lang='lat' dir='ltr'><strong>ptus</strong></span> 
     </span>
     <span class='ocr_line' id='line_1_5' title="bbox 102 756 759 819; baseline -0.005 -14"><span class='ocrx_word' id='word_1_29' title='bbox 102 759 184 819; x_wconf 82' lang='lat' dir='ltr'><strong>saepius</strong></span> <span class='ocrx_word' id='word_1_30' title='bbox 203 757 284 819; x_wconf 84' lang='lat' dir='ltr'><strong>vulgus</strong></span> <span class='ocrx_word' id='word_1_31' title='bbox 299 758 426 819; x_wconf 86' lang='lat' dir='ltr'><strong>imperitum</strong></span> <span class='ocrx_word' id='word_1_32' title='bbox 440 765 464 804; x_wconf 90' lang='lat' dir='ltr'><strong>et</strong></span> <span class='ocrx_word' id='word_1_33' title='bbox 481 758 593 804; x_wconf 74' lang='lat' dir='ltr'><strong>tunicatus</strong></span> <span class='ocrx_word' id='word_1_34' title='bbox 608 756 646 802; x_wconf 89' lang='lat' dir='ltr'><strong>hic</strong></span> <span class='ocrx_word' id='word_1_35' title='bbox 663 756 759 818; x_wconf 85' lang='lat' dir='ltr'><strong>populus</strong></span> 
     </span>
     <span class='ocr_line' id='line_1_6' title="bbox 101 819 759 884; baseline -0.003 -16"><span class='ocrx_word' id='word_1_36' title='bbox 101 829 242 871; x_wconf 85' lang='lat' dir='ltr'><strong>transeuntes</strong></span> <span class='ocrx_word' id='word_1_37' title='bbox 262 823 353 869; x_wconf 87' lang='lat' dir='ltr'><strong>nomine</strong></span> <span class='ocrx_word' id='word_1_38' title='bbox 373 830 446 876; x_wconf 84' lang='lat' dir='ltr'><strong>vocat,</strong></span> <span class='ocrx_word' id='word_1_39' title='bbox 467 830 491 869; x_wconf 90' lang='lat' dir='ltr'><strong>et</strong></span> <span class='ocrx_word' id='word_1_40' title='bbox 511 822 582 884; x_wconf 78' lang='lat' dir='ltr'><strong>digito</strong></span> <span class='ocrx_word' id='word_1_41' title='bbox 602 819 759 867; x_wconf 76' lang='lat' dir='ltr'><strong>demonstrati</strong></span> 
     </span>
     <span class='ocr_line' id='line_1_7' title="bbox 101 884 760 948; baseline -0.005 -14"><span class='ocrx_word' id='word_1_42' title='bbox 101 886 205 935; x_wconf 81' lang='lat' dir='ltr'><strong>Adrenae</strong></span> <span class='ocrx_word' id='word_1_43' title='bbox 219 902 307 948; x_wconf 89' lang='lat' dir='ltr'><strong>quoque</strong></span> <span class='ocrx_word' id='word_1_44' title='bbox 321 894 345 934; x_wconf 90' lang='lat' dir='ltr'><strong>et</strong></span> <span class='ocrx_word' id='word_1_45' title='bbox 360 887 478 948; x_wconf 81' lang='lat' dir='ltr'><strong>peregrini,</strong></span> <span class='ocrx_word' id='word_1_46' title='bbox 492 887 541 948; x_wconf 88' lang='lat' dir='ltr'><strong>jam</strong></span> <span class='ocrx_word' id='word_1_47' title='bbox 556 887 580 932; x_wconf 90' lang='lat' dir='ltr'><strong>in</strong></span> <span class='ocrx_word' id='word_1_48' title='bbox 596 884 724 947; x_wconf 86' lang='lat' dir='ltr'><strong>municipiis</strong></span> <span class='ocrx_word' id='word_1_49' title='bbox 736 890 760 931; x_wconf 88' lang='lat' dir='ltr'><strong>et</strong></span> 
     </span>
     <span class='ocr_line' id='line_1_8' title="bbox 101 950 759 1012; baseline -0.003 -14"><span class='ocrx_word' id='word_1_50' title='bbox 101 951 194 998; x_wconf 85' lang='lat' dir='ltr'><strong>coloniis</strong></span> <span class='ocrx_word' id='word_1_51' title='bbox 204 952 251 998; x_wconf 91' lang='lat' dir='ltr'><strong>suis</strong></span> <span class='ocrx_word' id='word_1_52' title='bbox 261 953 354 1006; x_wconf 88' lang='lat' dir='ltr'><strong>audites,</strong></span> <span class='ocrx_word' id='word_1_53' title='bbox 363 966 413 998; x_wconf 93' lang='lat' dir='ltr'><strong>cum</strong></span> <span class='ocrx_word' id='word_1_54' title='bbox 422 952 518 1012; x_wconf 90' lang='lat' dir='ltr'><strong>primum</strong></span> <span class='ocrx_word' id='word_1_55' title='bbox 530 950 617 997; x_wconf 87' lang='lat' dir='ltr'>Urbem</span> <span class='ocrx_word' id='word_1_56' title='bbox 627 950 759 1011; x_wconf 80' lang='lat' dir='ltr'><strong>attigerunt,</strong></span> 
     </span>
     <span class='ocr_line' id='line_1_9' title="bbox 133 1032 758 1140; baseline -0.003 -14.097"><span class='ocrx_word' id='word_1_57' title='bbox 133 1032 758 1140; x_wconf 60' lang='lat' dir='ltr'><strong>,m</strong></span> 
     </span>
     <span class='ocr_line' id='line_1_10' title="bbox 100 1141 759 1206; baseline -0.002 -16"><span class='ocrx_word' id='word_1_58' title='bbox 100 1160 145 1199; x_wconf 90' lang='lat' dir='ltr'><strong>um,</strong></span> <span class='ocrx_word' id='word_1_59' title='bbox 157 1145 186 1191; x_wconf 91' lang='lat' dir='ltr'><strong>de</strong></span> <span class='ocrx_word' id='word_1_60' title='bbox 201 1160 246 1206; x_wconf 91' lang='lat' dir='ltr'><strong>quo</strong></span> <span class='ocrx_word' id='word_1_61' title='bbox 257 1146 324 1192; x_wconf 90' lang='lat' dir='ltr'><strong>modo</strong></span> <span class='ocrx_word' id='word_1_62' title='bbox 333 1147 426 1192; x_wconf 87' lang='lat' dir='ltr'><strong>locutus</strong></span> <span class='ocrx_word' id='word_1_63' title='bbox 440 1161 496 1200; x_wconf 86' lang='lat' dir='ltr'><strong>aum,</strong></span> <span class='ocrx_word' id='word_1_64' title='bbox 508 1152 532 1191; x_wconf 91' lang='lat' dir='ltr'><strong>et</strong></span> <span class='ocrx_word' id='word_1_65' title='bbox 543 1143 648 1206; x_wconf 79' lang='lat' dir='ltr'><strong>Crispum</strong></span> <span class='ocrx_word' id='word_1_66' title='bbox 666 1141 759 1189; x_wconf 73' lang='lat' dir='ltr'><strong>Vibium</strong></span> 
     </span>
     <span class='ocr_line' id='line_1_11' title="bbox 101 1208 760 1273; baseline -0.002 -18"><span class='ocrx_word' id='word_1_67' title='bbox 101 1210 216 1273; x_wconf 88' lang='lat' dir='ltr'><strong>(libentius</strong></span> <span class='ocrx_word' id='word_1_68' title='bbox 226 1211 286 1256; x_wconf 89' lang='lat' dir='ltr'><strong>enim</strong></span> <span class='ocrx_word' id='word_1_69' title='bbox 297 1212 361 1257; x_wconf 84' lang='lat' dir='ltr'><strong>noris</strong></span> <span class='ocrx_word' id='word_1_70' title='bbox 372 1219 395 1257; x_wconf 92' lang='lat' dir='ltr'><strong>et</strong></span> <span class='ocrx_word' id='word_1_71' title='bbox 411 1211 541 1263; x_wconf 83' lang='lat' dir='ltr'><strong>recentibus,</strong></span> <span class='ocrx_word' id='word_1_72' title='bbox 552 1224 619 1269; x_wconf 89' lang='lat' dir='ltr'><strong>quam</strong></span> <span class='ocrx_word' id='word_1_73' title='bbox 634 1208 727 1255; x_wconf 88' lang='lat' dir='ltr'><strong>remotis</strong></span> <span class='ocrx_word' id='word_1_74' title='bbox 736 1214 760 1255; x_wconf 86' lang='lat' dir='ltr'><strong>et</strong></span> 
     </span>
     <span class='ocr_line' id='line_1_12' title="bbox 99 1272 758 1336; baseline -0.002 -16"><span class='ocrx_word' id='word_1_75' title='bbox 99 1274 227 1329; x_wconf 75' lang='lat' dir='ltr'><strong>obliteratis,</strong></span> <span class='ocrx_word' id='word_1_76' title='bbox 241 1275 349 1336; x_wconf 88' lang='lat' dir='ltr'><strong>exemplis</strong></span> <span class='ocrx_word' id='word_1_77' title='bbox 366 1272 427 1336; x_wconf 87' lang='lat' dir='ltr'><strong>utor)</strong></span> <span class='ocrx_word' id='word_1_78' title='bbox 445 1290 491 1321; x_wconf 90' lang='lat' dir='ltr'><strong>non</strong></span> <span class='ocrx_word' id='word_1_79' title='bbox 508 1275 583 1320; x_wconf 88' lang='lat' dir='ltr'><strong>minus</strong></span> <span class='ocrx_word' id='word_1_80' title='bbox 599 1273 662 1321; x_wconf 86' lang='lat' dir='ltr'><strong>nosci</strong></span> <span class='ocrx_word' id='word_1_81' title='bbox 679 1272 704 1319; x_wconf 90' lang='lat' dir='ltr'><strong>iu</strong></span> <span class='ocrx_word' id='word_1_82' title='bbox 718 1286 758 1319; x_wconf 82' lang='lat' dir='ltr'><strong>ex·</strong></span> 
     </span>
     <span class='ocr_line' id='line_1_13' title="bbox 100 1335 759 1400; baseline -0.006 -14"><span class='ocrx_word' id='word_1_83' title='bbox 100 1339 177 1386; x_wconf 86' lang='lat' dir='ltr'><strong>tremis</strong></span> <span class='ocrx_word' id='word_1_84' title='bbox 191 1339 289 1400; x_wconf 91' lang='lat' dir='ltr'><strong>partibus</strong></span> <span class='ocrx_word' id='word_1_85' title='bbox 303 1347 417 1394; x_wconf 88' lang='lat' dir='ltr'><strong>terrarum,</strong></span> <span class='ocrx_word' id='word_1_86' title='bbox 429 1354 495 1400; x_wconf 84' lang='lat' dir='ltr'><strong>quam</strong></span> <span class='ocrx_word' id='word_1_87' title='bbox 507 1337 599 1400; x_wconf 81' lang='lat' dir='ltr'><strong>Capure,</strong></span> <span class='ocrx_word' id='word_1_88' title='bbox 610 1345 649 1385; x_wconf 88' lang='lat' dir='ltr'><strong>aut</strong></span> <span class='ocrx_word' id='word_1_89' title='bbox 663 1335 759 1383; x_wconf 81' lang='lat' dir='ltr'><strong>Vercel·</strong></span> 
     </span>
     <span class='ocr_line' id='line_1_14' title="bbox 99 1401 759 1458; baseline -0.002 -10"><span class='ocrx_word' id='word_1_90' title='bbox 99 1402 134 1458; x_wconf 84' lang='lat' dir='ltr'><strong>lis,</strong></span> <span class='ocrx_word' id='word_1_91' title='bbox 145 1404 182 1449; x_wconf 90' lang='lat' dir='ltr'><strong>ubi</strong></span> <span class='ocrx_word' id='word_1_92' title='bbox 193 1404 240 1449; x_wconf 89' lang='lat' dir='ltr'><strong>nati</strong></span> <span class='ocrx_word' id='word_1_93' title='bbox 250 1404 366 1451; x_wconf 80' lang='lat' dir='ltr'><strong>dicuntur:</strong></span> <span class='ocrx_word' id='word_1_94' title='bbox 385 1419 427 1450; x_wconf 90' lang='lat' dir='ltr'><strong>nec</strong></span> <span class='ocrx_word' id='word_1_95' title='bbox 437 1406 480 1451; x_wconf 88' lang='lat' dir='ltr'><strong>boe</strong></span> <span class='ocrx_word' id='word_1_96' title='bbox 490 1404 533 1450; x_wconf 90' lang='lat' dir='ltr'><strong>illia</strong></span> <span class='ocrx_word' id='word_1_97' title='bbox 544 1403 622 1451; x_wconf 87' lang='lat' dir='ltr'><strong>saltem</strong></span> <span class='ocrx_word' id='word_1_98' title='bbox 633 1409 668 1448; x_wconf 87' lang='lat' dir='ltr'><strong>ter</strong></span> <span class='ocrx_word' id='word_1_99' title='bbox 678 1401 759 1449; x_wconf 86' lang='lat' dir='ltr'><strong>millies</strong></span> 
     </span>
    </p>

    <p class='ocr_par' dir='ltr' id='par_1_3' title="bbox 93 1467 788 2627">
     <span class='ocr_line' id='line_1_15' title="bbox 99 1467 788 1532; baseline -0.003 -18"><span class='ocrx_word' id='word_1_100' title='bbox 99 1467 224 1514; x_wconf 77' lang='lat' dir='ltr'><strong>sestertium</strong></span> <span class='ocrx_word' id='word_1_101' title='bbox 235 1476 326 1530; x_wconf 73' lang='lat' dir='ltr'><strong>prestat</strong></span> <span class='ocrx_word' id='word_1_102' title='bbox 337 1470 482 1532; x_wconf 75' lang='lat' dir='ltr'><strong>(qumquam</strong></span> <span class='ocrx_word' id='word_1_103' title='bbox 489 1469 565 1517; x_wconf 85' lang='lat' dir='ltr'><strong>adbaa</strong></span> <span class='ocrx_word' id='word_1_104' title='bbox 572 1469 631 1529; x_wconf 80' lang='lat' dir='ltr'><strong>ipsas</strong></span> <span class='ocrx_word' id='word_1_105' title='bbox 642 1481 696 1528; x_wconf 89' lang='lat' dir='ltr'><strong>opes</strong></span> <span class='ocrx_word' id='word_1_106' title='bbox 706 1480 758 1528; x_wconf 84' lang='lat' dir='ltr'><strong>pos·</strong></span> <span class='ocrx_word' id='word_1_107' title='bbox 785 1506 788 1513; x_wconf 88' lang='lat'><em>.</em></span> 
     </span>
     <span class='ocr_line' id='line_1_16' title="bbox 99 1529 759 1599; baseline -0.005 -20"><span class='ocrx_word' id='word_1_108' title='bbox 99 1538 152 1599; x_wconf 80' lang='lat' dir='ltr'><strong>aunt</strong></span> <span class='ocrx_word' id='word_1_109' title='bbox 169 1532 240 1578; x_wconf 77' lang='lat' dir='ltr'><strong>videri</strong></span> <span class='ocrx_word' id='word_1_110' title='bbox 258 1533 392 1594; x_wconf 71' lang='lat' dir='ltr'><strong>eloquentiae</strong></span> <span class='ocrx_word' id='word_1_111' title='bbox 407 1532 515 1580; x_wconf 86' lang='lat' dir='ltr'><strong>beneficio</strong></span> <span class='ocrx_word' id='word_1_112' title='bbox 532 1529 633 1593; x_wconf 82' lang='lat' dir='ltr'><strong>venisse)</strong></span> <span class='ocrx_word' id='word_1_113' title='bbox 653 1530 694 1577; x_wconf 90' lang='lat' dir='ltr'><strong>sed</strong></span> <span class='ocrx_word' id='word_1_114' title='bbox 711 1531 759 1592; x_wconf 83' lang='lat' dir='ltr'><strong>ipsa</strong></span> 
     </span>
     <span class='ocr_line' id='line_1_17' title="bbox 99 1594 757 1659; baseline -0.002 -17"><span class='ocrx_word' id='word_1_115' title='bbox 99 1597 238 1656; x_wconf 78' lang='lat' dir='ltr'><strong>eloquentia3</strong></span> <span class='ocrx_word' id='word_1_116' title='bbox 255 1599 318 1659; x_wconf 86' lang='lat' dir='ltr'><strong>cujus</strong></span> <span class='ocrx_word' id='word_1_117' title='bbox 334 1613 416 1644; x_wconf 91' lang='lat' dir='ltr'><strong>numen</strong></span> <span class='ocrx_word' id='word_1_118' title='bbox 431 1607 455 1645; x_wconf 92' lang='lat' dir='ltr'><strong>et</strong></span> <span class='ocrx_word' id='word_1_119' title='bbox 465 1598 562 1644; x_wconf 89' lang='lat' dir='ltr'><strong>coelestis</strong></span> <span class='ocrx_word' id='word_1_120' title='bbox 577 1597 611 1643; x_wconf 85' lang='lat' dir='ltr'><strong>vis</strong></span> <span class='ocrx_word' id='word_1_121' title='bbox 625 1595 697 1643; x_wconf 88' lang='lat' dir='ltr'><strong>multa</strong></span> <span class='ocrx_word' id='word_1_122' title='bbox 708 1594 757 1656; x_wconf 87' lang='lat' dir='ltr'><strong>qui·</strong></span> 
     </span>
     <span class='ocr_line' id='line_1_18' title="bbox 99 1661 760 1725; baseline -0.005 -17"><span class='ocrx_word' id='word_1_123' title='bbox 99 1661 149 1708; x_wconf 91' lang='lat' dir='ltr'><strong>dem</strong></span> <span class='ocrx_word' id='word_1_124' title='bbox 160 1662 262 1708; x_wconf 87' lang='lat' dir='ltr'><strong>omnibus</strong></span> <span class='ocrx_word' id='word_1_125' title='bbox 273 1662 361 1709; x_wconf 80' lang='lat' dir='ltr'><strong>saecubs</strong></span> <span class='ocrx_word' id='word_1_126' title='bbox 370 1663 472 1725; x_wconf 84' lang='lat' dir='ltr'><strong>exempla</strong></span> <span class='ocrx_word' id='word_1_127' title='bbox 481 1663 556 1715; x_wconf 87' lang='lat' dir='ltr'><strong>edidit,</strong></span> <span class='ocrx_word' id='word_1_128' title='bbox 567 1661 709 1721; x_wconf 86' lang='lat' dir='ltr'><strong>adquantam</strong></span> <span class='ocrx_word' id='word_1_129' title='bbox 721 1673 760 1705; x_wconf 90' lang='lat' dir='ltr'><strong>us·</strong></span> 
     </span>
     <span class='ocr_line' id='line_1_19' title="bbox 98 1725 759 1790; baseline -0.005 -18"><span class='ocrx_word' id='word_1_130' title='bbox 98 1741 142 1786; x_wconf 91' lang='lat' dir='ltr'><strong>que</strong></span> <span class='ocrx_word' id='word_1_131' title='bbox 157 1725 269 1773; x_wconf 85' lang='lat' dir='ltr'><strong>fortunam</strong></span> <span class='ocrx_word' id='word_1_132' title='bbox 288 1727 390 1773; x_wconf 88' lang='lat' dir='ltr'><strong>homines</strong></span> <span class='ocrx_word' id='word_1_133' title='bbox 405 1727 490 1790; x_wconf 83' lang='lat' dir='ltr'><strong>ingenii</strong></span> <span class='ocrx_word' id='word_1_134' title='bbox 507 1727 591 1773; x_wconf 84' lang='lat' dir='ltr'><strong>viribus</strong></span> <span class='ocrx_word' id='word_1_135' title='bbox 608 1725 759 1786; x_wconf 76' lang='lat' dir='ltr'><strong>pervenerint.</strong></span> 
     </span>
     <span class='ocr_line' id='line_1_20' title="bbox 99 1788 759 1854; baseline -0.003 -17"><span class='ocrx_word' id='word_1_136' title='bbox 99 1789 145 1837; x_wconf 87' lang='lat' dir='ltr'><strong>Sed</strong></span> <span class='ocrx_word' id='word_1_137' title='bbox 160 1791 215 1846; x_wconf 87' lang='lat' dir='ltr'><strong>haec,</strong></span> <span class='ocrx_word' id='word_1_138' title='bbox 227 1799 253 1839; x_wconf 85' lang='lat' dir='ltr'><strong>ut</strong></span> <span class='ocrx_word' id='word_1_139' title='bbox 268 1806 335 1853; x_wconf 89' lang='lat' dir='ltr'><strong>supra</strong></span> <span class='ocrx_word' id='word_1_140' title='bbox 349 1791 402 1846; x_wconf 77' lang='lat' dir='ltr'><strong>dixi,</strong></span> <span class='ocrx_word' id='word_1_141' title='bbox 413 1792 508 1854; x_wconf 86' lang='lat' dir='ltr'><strong>propria,</strong></span> <span class='ocrx_word' id='word_1_142' title='bbox 520 1799 542 1837; x_wconf 91' lang='lat' dir='ltr'><strong>et</strong></span> <span class='ocrx_word' id='word_1_143' title='bbox 552 1805 604 1851; x_wconf 79' lang='lat' dir='ltr'><strong>quae</strong></span> <span class='ocrx_word' id='word_1_144' title='bbox 619 1804 666 1836; x_wconf 88' lang='lat' dir='ltr'><strong>nou</strong></span> <span class='ocrx_word' id='word_1_145' title='bbox 681 1788 759 1836; x_wconf 84' lang='lat' dir='ltr'><strong>auditu</strong></span> 
     </span>
     <span class='ocr_line' id='line_1_21' title="bbox 98 1852 758 1917; baseline -0.002 -17"><span class='ocrx_word' id='word_1_146' title='bbox 98 1856 259 1916; x_wconf 82' lang='lat' dir='ltr'><strong>cognoscenda,</strong></span> <span class='ocrx_word' id='word_1_147' title='bbox 272 1857 310 1902; x_wconf 91' lang='lat' dir='ltr'><strong>sed</strong></span> <span class='ocrx_word' id='word_1_148' title='bbox 321 1855 392 1902; x_wconf 87' lang='lat' dir='ltr'><strong>oculis</strong></span> <span class='ocrx_word' id='word_1_149' title='bbox 407 1856 528 1917; x_wconf 87' lang='lat' dir='ltr'><strong>spectanda</strong></span> <span class='ocrx_word' id='word_1_150' title='bbox 543 1856 656 1902; x_wconf 83' lang='lat' dir='ltr'><strong>habemus.</strong></span> <span class='ocrx_word' id='word_1_151' title='bbox 688 1852 758 1908; x_wconf 85' lang='lat' dir='ltr'><strong>Nam,</strong></span> 
     </span>
     <span class='ocr_line' id='line_1_22' title="bbox 97 1920 758 1982; baseline 0 -18"><span class='ocrx_word' id='word_1_152' title='bbox 97 1933 142 1978; x_wconf 89' lang='lat' dir='ltr'><strong>qun</strong></span> <span class='ocrx_word' id='word_1_153' title='bbox 160 1920 268 1966; x_wconf 83' lang='lat' dir='ltr'><strong>sordidius</strong></span> <span class='ocrx_word' id='word_1_154' title='bbox 283 1928 306 1966; x_wconf 91' lang='lat' dir='ltr'><strong>et</strong></span> <span class='ocrx_word' id='word_1_155' title='bbox 322 1921 428 1982; x_wconf 77' lang='lat' dir='ltr'><strong>alrjectiua</strong></span> <span class='ocrx_word' id='word_1_156' title='bbox 445 1921 492 1967; x_wconf 88' lang='lat' dir='ltr'><strong>nati</strong></span> <span class='ocrx_word' id='word_1_157' title='bbox 510 1927 570 1977; x_wconf 86' lang='lat' dir='ltr'><strong>suut,</strong></span> <span class='ocrx_word' id='word_1_158' title='bbox 586 1933 674 1980; x_wconf 85' lang='lat' dir='ltr'><strong>qnoque</strong></span> <span class='ocrx_word' id='word_1_159' title='bbox 693 1925 758 1965; x_wconf 86' lang='lat' dir='ltr'><strong>nota·</strong></span> 
     </span>
     <span class='ocr_line' id='line_1_23' title="bbox 95 1983 759 2046; baseline 0 -18"><span class='ocrx_word' id='word_1_160' title='bbox 95 1983 160 2029; x_wconf 84' lang='lat' dir='ltr'><strong>bilior</strong></span> <span class='ocrx_word' id='word_1_161' title='bbox 170 1991 286 2045; x_wconf 85' lang='lat' dir='ltr'><strong>paupertas</strong></span> <span class='ocrx_word' id='word_1_162' title='bbox 296 1992 320 2031; x_wconf 90' lang='lat' dir='ltr'><strong>et</strong></span> <span class='ocrx_word' id='word_1_163' title='bbox 330 1987 434 2046; x_wconf 89' lang='lat' dir='ltr'><strong>angustia</strong></span> <span class='ocrx_word' id='word_1_164' title='bbox 443 2000 517 2031; x_wconf 89' lang='lat' dir='ltr'><strong>rerum</strong></span> <span class='ocrx_word' id='word_1_165' title='bbox 528 1991 644 2032; x_wconf 86' lang='lat' dir='ltr'><strong>nascentes</strong></span> <span class='ocrx_word' id='word_1_166' title='bbox 657 1998 698 2029; x_wconf 86' lang='lat' dir='ltr'><strong>eos</strong></span> <span class='ocrx_word' id='word_1_167' title='bbox 714 1983 759 2029; x_wconf 85' lang='lat' dir='ltr'><strong>cir-</strong></span> 
     </span>
     <span class='ocr_line' id='line_1_24' title="bbox 96 2047 758 2104; baseline -0.002 -12"><span class='ocrx_word' id='word_1_168' title='bbox 96 2054 275 2104; x_wconf 80' lang='lat' dir='ltr'><strong>cumsteterunt3</strong></span> <span class='ocrx_word' id='word_1_169' title='bbox 300 2065 327 2095; x_wconf 88' lang='lat' dir='ltr'><strong>eo</strong></span> <span class='ocrx_word' id='word_1_170' title='bbox 349 2050 448 2104; x_wconf 89' lang='lat' dir='ltr'><strong>clariora,</strong></span> <span class='ocrx_word' id='word_1_171' title='bbox 470 2057 493 2096; x_wconf 89' lang='lat' dir='ltr'><strong>et</strong></span> <span class='ocrx_word' id='word_1_172' title='bbox 514 2050 542 2096; x_wconf 88' lang='lat' dir='ltr'><strong>ad</strong></span> <span class='ocrx_word' id='word_1_173' title='bbox 563 2047 758 2095; x_wconf 85' lang='lat' dir='ltr'><strong>demonstrandam</strong></span> 
     </span>
     <span class='ocr_line' id='line_1_25' title="bbox 96 2111 758 2173; baseline -0.002 -16"><span class='ocrx_word' id='word_1_174' title='bbox 96 2113 199 2158; x_wconf 81' lang='lat' dir='ltr'><strong>oratoriae</strong></span> <span class='ocrx_word' id='word_1_175' title='bbox 220 2112 353 2172; x_wconf 74' lang='lat' dir='ltr'><strong>eloquentiae</strong></span> <span class='ocrx_word' id='word_1_176' title='bbox 374 2115 493 2160; x_wconf 87' lang='lat' dir='ltr'><strong>utilitatem</strong></span> <span class='ocrx_word' id='word_1_177' title='bbox 514 2114 633 2160; x_wconf 87' lang='lat' dir='ltr'><strong>illustriora</strong></span> <span class='ocrx_word' id='word_1_178' title='bbox 653 2111 758 2173; x_wconf 84' lang='lat' dir='ltr'><strong>exempla</strong></span> 
     </span>
     <span class='ocr_line' id='line_1_26' title="bbox 96 2176 758 2238; baseline -0.003 -14"><span class='ocrx_word' id='word_1_179' title='bbox 96 2184 163 2232; x_wconf 90' lang='lat' dir='ltr'><strong>aunt;</strong></span> <span class='ocrx_word' id='word_1_180' title='bbox 178 2178 237 2238; x_wconf 89' lang='lat' dir='ltr'><strong>quod</strong></span> <span class='ocrx_word' id='word_1_181' title='bbox 248 2178 296 2224; x_wconf 90' lang='lat' dir='ltr'><strong>sine</strong></span> <span class='ocrx_word' id='word_1_182' title='bbox 307 2179 499 2226; x_wconf 85' lang='lat' dir='ltr'><strong>commendatione</strong></span> <span class='ocrx_word' id='word_1_183' title='bbox 514 2178 627 2230; x_wconf 89' lang='lat' dir='ltr'><strong>natalium,</strong></span> <span class='ocrx_word' id='word_1_184' title='bbox 639 2177 688 2223; x_wconf 90' lang='lat' dir='ltr'><strong>aine</strong></span> <span class='ocrx_word' id='word_1_185' title='bbox 704 2176 758 2222; x_wconf 92' lang='lat' dir='ltr'><strong>sub-</strong></span> 
     </span>
     <span class='ocr_line' id='line_1_27' title="bbox 95 2240 759 2303; baseline 0 -17"><span class='ocrx_word' id='word_1_186' title='bbox 95 2240 179 2287; x_wconf 71' lang='lat' dir='ltr'><strong>stantii</strong></span> <span class='ocrx_word' id='word_1_187' title='bbox 196 2241 333 2297; x_wconf 87' lang='lat' dir='ltr'><strong>facultatum,</strong></span> <span class='ocrx_word' id='word_1_188' title='bbox 353 2250 432 2289; x_wconf 88' lang='lat' dir='ltr'><strong>neuter</strong></span> <span class='ocrx_word' id='word_1_189' title='bbox 453 2243 551 2291; x_wconf 91' lang='lat' dir='ltr'><strong>moribus</strong></span> <span class='ocrx_word' id='word_1_190' title='bbox 569 2240 682 2303; x_wconf 77' lang='lat' dir='ltr'><strong>egregius,</strong></span> <span class='ocrx_word' id='word_1_191' title='bbox 701 2241 759 2286; x_wconf 85' lang='lat' dir='ltr'><strong>alter</strong></span> 
     </span>
     <span class='ocr_line' id='line_1_28' title="bbox 95 2305 758 2369; baseline -0.002 -17"><span class='ocrx_word' id='word_1_192' title='bbox 95 2306 171 2352; x_wconf 82' lang='lat' dir='ltr'><strong>habitu</strong></span> <span class='ocrx_word' id='word_1_193' title='bbox 187 2321 276 2367; x_wconf 89' lang='lat' dir='ltr'><strong>quoque</strong></span> <span class='ocrx_word' id='word_1_194' title='bbox 291 2309 389 2369; x_wconf 88' lang='lat' dir='ltr'><strong>corporis</strong></span> <span class='ocrx_word' id='word_1_195' title='bbox 405 2315 537 2362; x_wconf 84' lang='lat' dir='ltr'><strong>contemtus,</strong></span> <span class='ocrx_word' id='word_1_196' title='bbox 554 2322 595 2368; x_wconf 89' lang='lat' dir='ltr'><strong>per</strong></span> <span class='ocrx_word' id='word_1_197' title='bbox 612 2305 697 2352; x_wconf 90' lang='lat' dir='ltr'><strong>multos</strong></span> <span class='ocrx_word' id='word_1_198' title='bbox 708 2306 758 2366; x_wconf 79' lang='lat' dir='ltr'><strong>J&#39;am</strong></span> 
     </span>
     <span class='ocr_line' id='line_1_29' title="bbox 95 2370 758 2432; baseline -0.002 -16"><span class='ocrx_word' id='word_1_199' title='bbox 95 2384 167 2416; x_wconf 89' lang='lat' dir='ltr'><strong>annos</strong></span> <span class='ocrx_word' id='word_1_200' title='bbox 185 2373 332 2432; x_wconf 89' lang='lat' dir='ltr'><strong>potentissimi</strong></span> <span class='ocrx_word' id='word_1_201' title='bbox 351 2380 404 2419; x_wconf 90' lang='lat' dir='ltr'><strong>sunt</strong></span> <span class='ocrx_word' id='word_1_202' title='bbox 421 2373 525 2425; x_wconf 84' lang='lat' dir='ltr'><strong>civitatis,</strong></span> <span class='ocrx_word' id='word_1_203' title='bbox 543 2387 576 2426; x_wconf 89' lang='lat' dir='ltr'><strong>ac,</strong></span> <span class='ocrx_word' id='word_1_204' title='bbox 596 2372 667 2417; x_wconf 88' lang='lat' dir='ltr'><strong>donec</strong></span> <span class='ocrx_word' id='word_1_205' title='bbox 686 2370 758 2424; x_wconf 79' lang='lat' dir='ltr'><strong>lubuit,</strong></span> 
     </span>
     <span class='ocr_line' id='line_1_30' title="bbox 94 2431 757 2498; baseline -0.003 -17"><span class='ocrx_word' id='word_1_206' title='bbox 94 2435 204 2497; x_wconf 85' lang='lat' dir='ltr'><strong>principes</strong></span> <span class='ocrx_word' id='word_1_207' title='bbox 223 2435 273 2490; x_wconf 90' lang='lat' dir='ltr'><strong>fori,</strong></span> <span class='ocrx_word' id='word_1_208' title='bbox 290 2452 349 2483; x_wconf 88' lang='lat' dir='ltr'><strong>nunc</strong></span> <span class='ocrx_word' id='word_1_209' title='bbox 365 2438 476 2498; x_wconf 87' lang='lat' dir='ltr'><strong>principes</strong></span> <span class='ocrx_word' id='word_1_210' title='bbox 493 2438 516 2483; x_wconf 89' lang='lat' dir='ltr'><strong>in</strong></span> <span class='ocrx_word' id='word_1_211' title='bbox 533 2433 631 2484; x_wconf 79' lang='lat' dir='ltr'><strong>caearu</strong></span> <span class='ocrx_word' id='word_1_212' title='bbox 650 2431 757 2490; x_wconf 75' lang='lat' dir='ltr'><strong>amicitil,</strong></span> 
     </span>
     <span class='ocr_line' id='line_1_31' title="bbox 95 2499 758 2563; baseline -0.002 -18"><span class='ocrx_word' id='word_1_213' title='bbox 95 2508 167 2561; x_wconf 84' lang='lat' dir='ltr'><strong>agunt</strong></span> <span class='ocrx_word' id='word_1_214' title='bbox 176 2499 295 2561; x_wconf 89' lang='lat' dir='ltr'><strong>feruntque</strong></span> <span class='ocrx_word' id='word_1_215' title='bbox 309 2510 397 2556; x_wconf 81' lang='lat' dir='ltr'><strong>cuneta,</strong></span> <span class='ocrx_word' id='word_1_216' title='bbox 408 2510 474 2563; x_wconf 89' lang='lat' dir='ltr'><strong>atque</strong></span> <span class='ocrx_word' id='word_1_217' title='bbox 489 2502 516 2548; x_wconf 92' lang='lat' dir='ltr'><strong>ab</strong></span> <span class='ocrx_word' id='word_1_218' title='bbox 532 2501 580 2561; x_wconf 92' lang='lat' dir='ltr'><strong>ipso</strong></span> <span class='ocrx_word' id='word_1_219' title='bbox 590 2500 691 2562; x_wconf 85' lang='lat' dir='ltr'><strong>principe</strong></span> <span class='ocrx_word' id='word_1_220' title='bbox 705 2513 758 2545; x_wconf 90' lang='lat' dir='ltr'><strong>cum</strong></span> 
     </span>
     <span class='ocr_line' id='line_1_32' title="bbox 93 2563 758 2627; baseline 0 -17"><span class='ocrx_word' id='word_1_221' title='bbox 93 2563 190 2624; x_wconf 75' lang='lat' dir='ltr'><strong>quidam</strong></span> <span class='ocrx_word' id='word_1_222' title='bbox 213 2563 337 2613; x_wconf 73' lang='lat' dir='ltr'><strong>reverentii</strong></span> <span class='ocrx_word' id='word_1_223' title='bbox 358 2567 498 2627; x_wconf 84' lang='lat' dir='ltr'><strong>diliguntur:</strong></span> <span class='ocrx_word' id='word_1_224' title='bbox 524 2567 576 2626; x_wconf 90' lang='lat' dir='ltr'><strong>quia</strong></span> <span class='ocrx_word' id='word_1_225' title='bbox 598 2564 758 2627; x_wconf 85' lang='lat' dir='ltr'><strong>Vespasianus,</strong></span> 
     </span>
    </p>

    <p class='ocr_par' dir='ltr' id='par_1_4' title="bbox 87 2629 788 2955">
     <span class='ocr_line' id='line_1_33' title="bbox 93 2629 788 2692; baseline -0.004 -16"><span class='ocrx_word' id='word_1_226' title='bbox 93 2629 226 2676; x_wconf 84' lang='lat' dir='ltr'><strong>venerabilis</strong></span> <span class='ocrx_word' id='word_1_227' title='bbox 236 2645 306 2676; x_wconf 82' lang='lat' dir='ltr'><strong>senex</strong></span> <span class='ocrx_word' id='word_1_228' title='bbox 323 2637 346 2676; x_wconf 92' lang='lat' dir='ltr'><strong>et</strong></span> <span class='ocrx_word' id='word_1_229' title='bbox 359 2631 533 2692; x_wconf 86' lang='lat' dir='ltr'><strong>patientissimus</strong></span> <span class='ocrx_word' id='word_1_230' title='bbox 549 2631 591 2685; x_wconf 84' lang='lat' dir='ltr'><strong>vir,</strong></span> <span class='ocrx_word' id='word_1_231' title='bbox 600 2631 658 2676; x_wconf 90' lang='lat' dir='ltr'><strong>bene</strong></span> <span class='ocrx_word' id='word_1_232' title='bbox 674 2629 758 2675; x_wconf 89' lang='lat' dir='ltr'><strong>intelli·</strong></span> <span class='ocrx_word' id='word_1_233' title='bbox 785 2669 788 2673; x_wconf 87' lang='lat'>.</span> 
     </span>
     <span class='ocr_line' id='line_1_34' title="bbox 94 2693 758 2756; baseline 0 -16"><span class='ocrx_word' id='word_1_234' title='bbox 94 2695 135 2755; x_wconf 78' lang='lat' dir='ltr'><strong>git,</strong></span> <span class='ocrx_word' id='word_1_235' title='bbox 148 2701 242 2741; x_wconf 85' lang='lat' dir='ltr'><strong>caeteros</strong></span> <span class='ocrx_word' id='word_1_236' title='bbox 252 2695 341 2756; x_wconf 89' lang='lat' dir='ltr'><strong>quidem</strong></span> <span class='ocrx_word' id='word_1_237' title='bbox 352 2697 436 2743; x_wconf 87' lang='lat' dir='ltr'><strong>amicos</strong></span> <span class='ocrx_word' id='word_1_238' title='bbox 448 2711 499 2742; x_wconf 89' lang='lat' dir='ltr'><strong>suos</strong></span> <span class='ocrx_word' id='word_1_239' title='bbox 511 2694 551 2741; x_wconf 92' lang='lat' dir='ltr'><strong>niti</strong></span> <span class='ocrx_word' id='word_1_240' title='bbox 562 2695 596 2748; x_wconf 87' lang='lat' dir='ltr'><strong>iis,</strong></span> <span class='ocrx_word' id='word_1_241' title='bbox 608 2709 659 2754; x_wconf 82' lang='lat' dir='ltr'><strong>quae</strong></span> <span class='ocrx_word' id='word_1_242' title='bbox 670 2693 698 2740; x_wconf 90' lang='lat' dir='ltr'><strong>ab</strong></span> <span class='ocrx_word' id='word_1_243' title='bbox 708 2693 758 2755; x_wconf 89' lang='lat' dir='ltr'><strong>ipso</strong></span> 
     </span>
     <span class='ocr_line' id='line_1_35' title="bbox 93 2759 758 2822; baseline 0.002 -19"><span class='ocrx_word' id='word_1_244' title='bbox 93 2760 226 2819; x_wconf 83' lang='lat' dir='ltr'><strong>acceperint,</strong></span> <span class='ocrx_word' id='word_1_245' title='bbox 237 2774 332 2820; x_wconf 83' lang='lat' dir='ltr'><strong>quaeque</strong></span> <span class='ocrx_word' id='word_1_246' title='bbox 340 2761 380 2822; x_wconf 85' lang='lat' dir='ltr'><strong>ipsi</strong></span> <span class='ocrx_word' id='word_1_247' title='bbox 388 2760 528 2807; x_wconf 80' lang='lat' dir='ltr'><strong>accumulare</strong></span> <span class='ocrx_word' id='word_1_248' title='bbox 539 2759 595 2806; x_wconf 90' lang='lat' dir='ltr'><strong>etin</strong></span> <span class='ocrx_word' id='word_1_249' title='bbox 606 2759 661 2805; x_wconf 87' lang='lat' dir='ltr'><strong>alios</strong></span> <span class='ocrx_word' id='word_1_250' title='bbox 672 2773 758 2819; x_wconf 75' lang='lat' dir='ltr'><strong>conge·</strong></span> 
     </span>
     <span class='ocr_line' id='line_1_36' title="bbox 87 2819 757 2886; baseline 0.004 -20"><span class='ocrx_word' id='word_1_251' title='bbox 87 2826 140 2868; x_wconf 78' lang='lat' dir='ltr'><strong>rere</strong></span> <span class='ocrx_word' id='word_1_252' title='bbox 152 2830 269 2886; x_wconf 87' lang='lat' dir='ltr'><strong>promtum</strong></span> <span class='ocrx_word' id='word_1_253' title='bbox 289 2833 339 2872; x_wconf 89' lang='lat' dir='ltr'><strong>eat:</strong></span> <span class='ocrx_word' id='word_1_254' title='bbox 362 2825 498 2873; x_wconf 84' lang='lat' dir='ltr'><strong>Marcellum</strong></span> <span class='ocrx_word' id='word_1_255' title='bbox 516 2831 591 2872; x_wconf 84' lang='lat' dir='ltr'><strong>autem</strong></span> <span class='ocrx_word' id='word_1_256' title='bbox 609 2830 633 2869; x_wconf 89' lang='lat' dir='ltr'><strong>et</strong></span> <span class='ocrx_word' id='word_1_257' title='bbox 649 2819 757 2883; x_wconf 84' lang='lat' dir='ltr'><strong>Crispum</strong></span> 
     </span>
     <span class='ocr_line' id='line_1_37' title="bbox 112 2887 763 2955; baseline -0.018 -10"><span class='ocrx_word' id='word_1_258' title='bbox 112 2940 115 2945; x_wconf 92' lang='lat'><em>.</em></span> <span class='ocrx_word' id='word_1_259' title='bbox 142 2890 185 2939; x_wconf 81' lang='lat' dir='ltr'><strong>‘sse</strong></span> <span class='ocrx_word' id='word_1_260' title='bbox 194 2892 227 2940; x_wconf 92' lang='lat' dir='ltr'><strong>ad</strong></span> <span class='ocrx_word' id='word_1_261' title='bbox 238 2893 364 2955; x_wconf 83' lang='lat' dir='ltr'><strong>amicitiam</strong></span> <span class='ocrx_word' id='word_1_262' title='bbox 376 2909 449 2953; x_wconf 80' lang='lat' dir='ltr'><strong>arram,</strong></span> <span class='ocrx_word' id='word_1_263' title='bbox 461 2891 524 2955; x_wconf 81' lang='lat' dir='ltr'><strong>quod</strong></span> <span class='ocrx_word' id='word_1_264' title='bbox 535 2905 586 2938; x_wconf 86' lang='lat' dir='ltr'><strong>nnn</strong></span> <span class='ocrx_word' id='word_1_265' title='bbox 594 2887 763 2950; x_wconf 76' lang='lat' dir='ltr'><strong>aprincipeae·</strong></span> 
     </span>
    </p>

    <p class='ocr_par' dir='ltr' id='par_1_5' title="bbox 138 2953 782 3033">
     <span class='ocr_line' id='line_1_38' title="bbox 138 2953 782 3033; baseline -0.016 -22"><span class='ocrx_word' id='word_1_266' title='bbox 138 3018 142 3027; x_wconf 40' lang='lat'><strong>¹</strong></span> <span class='ocrx_word' id='word_1_267' title='bbox 193 2975 244 3015; x_wconf 80' lang='lat' dir='ltr'><strong>nec</strong></span> <span class='ocrx_word' id='word_1_268' title='bbox 260 2964 340 3032; x_wconf 83' lang='lat' dir='ltr'><strong>accipi</strong></span> <span class='ocrx_word' id='word_1_269' title='bbox 351 2963 449 3033; x_wconf 60' lang='lat' dir='ltr'><strong>possit·</strong></span> <span class='ocrx_word' id='word_1_270' title='bbox 471 2959 607 3011; x_wconf 71' lang='lat' dir='ltr'><strong>Minimum</strong></span> <span class='ocrx_word' id='word_1_271' title='bbox 617 2953 682 3002; x_wconf 74' lang='lat' dir='ltr'><strong>inter</strong></span> <span class='ocrx_word' id='word_1_272' title='bbox 696 2956 736 2998; x_wconf 64' lang='lat' dir='ltr'><strong>tui-</strong></span> <span class='ocrx_word' id='word_1_273' title='bbox 751 2961 782 2999; x_wconf 54' lang='grc' dir='ltr'>ὓ</span> 
     </span>
    </p>
   </div>
   <div class='ocr_carea' id='block_1_3' title="bbox 0 271 844 3188">
    <p class='ocr_par' dir='ltr' id='par_1_6' title="bbox 0 271 844 3188">
     <span class='ocr_line' id='line_1_39' title="bbox 0 271 844 3188; baseline 0 0"><span class='ocrx_word' id='word_1_274' title='bbox 0 271 844 3188; x_wconf 95' lang='lat' dir='ltr'><strong> </strong></span> 
     </span>
    </p>
   </div>
  </div>
 </body>
</html>
