1680 3188
82 373 305 428 &dommum
315 373 409 425 VITA.
433 374 525 426 cino.
590 378 636 424 ars

40 503 132 556 Sentis
143 509 248 555 meritus:
268 507 365 569 namque
376 508 412 554 M.
421 507 521 554 Silanum
533 520 639 553 accusare

40 588 52 629 ι,
64 580 93 624 et,
102 574 154 634 quia
162 573 274 626 abnuerat,
285 572 417 620 interfectus
424 584 466 620 est.
491 572 568 618 Mater
575 570 638 619 Julia

40 637 70 684 lla
79 636 128 691 fuit.
141 652 197 684 rnrae
208 639 326 684 castitatis:
344 639 367 684 in
379 639 444 699 hujus
455 638 505 684 sinu
515 635 636 698 indulgen·

40 702 169 756 reducetua,
185 718 225 764 per
238 718 328 749 ornnem
339 704 484 748 honestarum
495 696 575 748 ortium
587 701 636 747 cul·

40 767 147 814 ueritiam
159 767 377 828 adolescentiamque
388 767 504 828 transegit.
537 767 637 812 Arcebnt

40 832 66 878 nb
82 832 191 878 illecebris
206 833 353 892 peccantium,
370 842 452 894 praeter
468 832 537 892 ipsius
553 832 636 877 bouum

40 911 126 956 amque
143 904 251 950 naturam,
271 897 331 957 quod
347 898 421 943 statim
438 896 544 958 parvulus
560 896 636 942 sedem

40 961 143 1023 rgistram
158 961 281 1008 studiorum
297 961 423 1008 Massiliam
437 962 543 1013 habuerit,
560 959 636 1006 locum

41 1024 56 1072 it
65 1027 171 1072 comitate
182 1032 205 1071 et
215 1027 345 1087 provinciali
355 1025 491 1088 parcimonid
502 1026 597 1071 mixtum
609 1039 637 1072 uc

43 1091 200 1152 compositum.
234 1090 348 1137 Memoriai
363 1099 436 1144 teneo,
456 1091 546 1138 solitum
562 1090 635 1151 ipsum

41 1169 68 1213 re,
89 1170 114 1201 se
133 1157 155 1201 in
175 1154 245 1217 primi
258 1153 354 1217 juventi
372 1157 470 1202 studium
490 1155 637 1216 philosophiae

41 1236 49 1274 ¹,
68 1219 127 1266 ultre
143 1235 208 1281 quam
224 1235 355 1267 concessum
370 1220 476 1267 Romano
490 1235 517 1267 ec
531 1220 636 1273 senatori,

41 1299 77 1338 ue,
89 1286 111 1330 ni
122 1285 240 1346 prudentia
250 1287 328 1331 matris
338 1286 455 1332 incensum
466 1299 492 1332 ac
502 1283 636 1346 flagrantem

41 1363 70 1394 rm
90 1349 231 1396 coercuisset.
270 1350 366 1405 Scilicet,
386 1350 479 1397 sublime
496 1356 520 1396 et
536 1356 636 1396 erectum

41 1413 85 1459 ium
93 1414 280 1475 pulchritudinem
291 1431 317 1462 ac
325 1416 421 1477 speciem
429 1415 525 1462 exceleae
533 1429 635 1475 mngnae-

41 1477 101 1526 loriae
110 1480 271 1535 vehementius,
283 1496 349 1541 quam
357 1490 429 1535 caute,
440 1480 565 1541 oppetebat:
582 1491 637 1523 mox

41 1543 83 1590 ivit
93 1544 149 1590 ratio
160 1551 184 1590 et
195 1552 262 1603 aetas;
279 1546 421 1607 retinuitque,
433 1545 493 1606 quod
502 1551 538 1590 est
548 1542 636 1591 diffieil-

41 1623 56 1661 ι,
68 1623 97 1655 ex
108 1608 216 1670 sapientiai
226 1611 325 1657 modum.

51 1671 129 1719 Prima
138 1683 262 1721 castrorum
274 1676 400 1722 rudimenta
409 1676 432 1722 in
444 1671 564 1722 Britannid
577 1673 635 1720 Sue-

41 1736 144 1792 Peulino,
156 1739 257 1802 diligenti
267 1756 292 1786 ac
301 1742 415 1787 moderato
423 1741 481 1793 duci,
493 1739 636 1802 approbarim

44 1817 60 1858 s,
72 1817 139 1863 quem
151 1805 297 1851 contubernio
308 1806 436 1852 aestimaret.
464 1804 516 1851 Neo
527 1803 637 1866 Agricola

41 1882 69 1921 er,
89 1882 153 1914 more
167 1869 284 1931 juvenum,
304 1871 342 1929 qui
360 1870 462 1916 militiam
480 1870 504 1915 in
521 1868 636 1915 lasciviam

41 1937 68 1984 nt,
81 1945 153 1992 neque
163 1934 270 1992 segniter,
282 1934 310 1977 nd
321 1932 447 1993 voluptates
457 1939 480 1978 et
491 1940 650 1994 commeatus&

41 2009 60 2040 tn
77 1995 203 2041 tribunatus
217 2004 240 2042 et
254 1997 364 2042 inscitiam
380 1997 530 2058 retulitrlsed
545 2011 638 2042 noscere

41 2059 115 2112 sciam,
133 2060 195 2106 nosci
212 2062 327 2114 exercitui,
344 2062 429 2108 discere
445 2062 557 2123 aperitis,
574 2061 638 2121 sequi

42 2139 75 2178 os,
85 2125 139 2170 nihil
147 2132 251 2186 appetere
257 2127 387 2189 jactatione,
395 2126 451 2172 nihil
458 2127 487 2173 ob
494 2126 636 2173 formidinem

41 2203 80 2243 ue,
97 2189 207 2249 simulque
223 2193 303 2238 auxius
317 2198 341 2237 et
357 2192 456 2237 intentus
472 2206 547 2252 egere.
580 2189 636 2236 Non

42 2252 89 2300 iliu
99 2255 250 2312 exercitatior,
267 2257 383 2316 magisque
393 2256 417 2300 iu
428 2255 532 2316 ambiguo
543 2253 636 2301 Britan·

41 2318 77 2363 iit:
99 2318 202 2364 trucidati
215 2320 321 2373 veterani,
335 2320 435 2365 incensae
448 2319 550 2373 coloniae,
566 2320 636 2365 inter·

42 2383 163 2428 exercitus:
184 2394 231 2428 turn
243 2383 271 2430 de
282 2384 360 2436 salute,
371 2399 425 2428 mox
436 2383 464 2428 de
476 2381 575 2437 victorii,
587 2398 636 2429 cer·

42 2460 55 2492 e.
87 2445 148 2499 Quae
162 2455 243 2493 cuncta
257 2448 299 2494 etsi
314 2447 413 2493 consiliis
423 2447 535 2507 ductuque
546 2447 638 2493 ulterius
724 2469 736 2482 ·

42 2517 101 2564 ntur,
112 2525 139 2557 uc
150 2525 238 2558 summa
248 2527 322 2558 rerum
333 2519 357 2558 et
367 2519 504 2572 recuperatae
515 2511 639 2572 provincie

42 2575 81 2620 ¹iu
97 2574 182 2623 ducem·
193 2577 274 2633 cessit;
295 2585 365 2623 artem
380 2583 403 2623 et
416 2591 482 2623 usum
497 2583 520 2622 et
535 2575 638 2622 stimulos

42 2635 75 2684 ire
81 2640 172 2700 juveni:
188 2640 324 2702 intravitque
334 2643 433 2688 animum
445 2641 546 2687 militaris
556 2640 638 2702 gloriae

42 2719 59 2757 s,
70 2705 159 2766 ingrata
169 2707 311 2768 temporibus,
324 2708 405 2766 quibus
415 2707 504 2753 sinistra
515 2720 569 2767 erga
579 2705 637 2752 emi·

42 2782 52 2814 s
62 2767 221 2829 interpretatio,
237 2786 279 2818 uec
293 2772 368 2818 minus
380 2771 502 2833 periculum
514 2785 542 2817 ex
553 2767 637 2833 magud

51 2847 117 2894 quem
129 2848 159 2882 ex
169 2833 236 2883 meli„

60 2897 128 2950 Hinc
146 2901 176 2953 ad
192 2904 352 2973 capessendos
366 2894 671 2971 manutentionem
