1680 3188
169 429 203 475 70
236 419 430 474 ANNALIUM
441 421 687 474 LleV.Cus.10.
720 428 839 472 laonia.

170 553 230 603 “Tu
241 569 330 616 quoque
341 568 379 601 me
390 553 506 602 deserisl'’
517 555 640 618 prolocuta,
652 555 742 618 respicit
749 556 836 605 Anice-

170 628 226 674 tum,
246 619 368 666 trierarcho
389 619 511 676 Herculeo,
531 630 554 667 et
572 621 681 675 Oloarito,
704 623 837 670 centurione

170 685 290 740 classiario,
311 685 442 731 comitatum
452 703 457 732 :
477 701 510 740 ao,
530 687 549 732 si
560 687 588 732 ad
599 686 717 735 visendum
728 688 837 742 arrisisset,⁸

170 749 266 798 refotam
281 751 408 797 nuntiaret:
429 751 463 797 sin
478 751 566 797 facinus
583 758 717 812 patraturus,
737 753 793 798 nihil
810 765 836 799 se

170 817 200 864 de
215 814 262 862 lilio
273 815 380 872 credore;
398 831 443 861 non
455 817 587 876 imperatum
599 816 747 877 parricidium.
781 815 834 864 Cir·

170 881 308 928 cumsistunt
324 879 407 928 lectum
427 896 574 942 percussores,
592 888 616 931 et
627 881 687 942 prior
698 882 835 928 trierarchus

169 945 225 993 fusti
236 952 304 1008 caput
320 947 368 1008 ejus
384 945 478 992 ailliadt:
492 947 541 1007 jam
560 946 583 991 in
602 954 697 991 mortem
709 947 834 992 centurioni

169 1011 255 1059 serrum
266 1011 421 1072 destringenti,
439 1011 574 1072 protendens
585 1019 681 1063 uterum,
698 1009 833 1056 “Ventrem

146 1075 237 1137 ,fen,”
264 1075 414 1123 exclamavit:
439 1074 560 1136 multisque
580 1075 710 1122 vulneribus
731 1074 835 1122 confecta

169 1147 212 1191 est.

203 1203 250 1256 IX.
267 1203 328 1253 Haec
339 1219 450 1252 consensu
460 1205 592 1268 produntur.
611 1203 834 1266 Adspexeritnema·

171 1277 229 1318 trem
240 1271 367 1316 exanimem
385 1269 455 1323 Nero,
474 1278 497 1316 et
507 1270 602 1317 formam
614 1269 714 1332 corporis
725 1270 773 1331 ejus
784 1269 833 1316 lau·

172 1335 265 1391 daverit,
287 1343 348 1389 sunt,
370 1336 408 1396 qui
430 1336 567 1390 tradiderint,
591 1342 651 1389 sunt,
674 1334 711 1396 qui
730 1335 837 1382 abnuant

172 1398 281 1449 cremata
291 1409 326 1446 est
336 1409 403 1447 nocte
413 1398 498 1460 eisdem,
519 1400 630 1447 convivali
647 1401 713 1461 lecto,
733 1407 760 1445 et·
768 1414 834 1447 exse·

171 1465 230 1527 quiis
245 1465 341 1512 vilibus:
360 1480 440 1526 neque.
457 1466 510 1512 dum
531 1465 594 1511 Nero
614 1480 687 1512 rerum
702 1465 835 1526 potiebatur,

172 1538 283 1594 congesta
301 1537 340 1578 aut
357 1531 432 1578 clausa
449 1531 538 1577 humus.
571 1530 637 1586 Mox,
660 1529 836 1588 domesticorum

169 1594 232 1652 curi,
250 1597 324 1661 levem
340 1597 451 1644 tumulum
462 1597 553 1658 accepit,
566 1595 625 1642 riom
640 1593 726 1641 Miseni
736 1601 834 1657 propter,

169 1668 194 1709 et
215 1662 291 1709 villam
315 1660 413 1711 Caesaris
434 1661 554 1716 dictatoris,
575 1676 625 1723 quae
644 1661 754 1721 subjectos
770 1660 834 1707 sinus

171 1727 294 1774 editissima
304 1734 439 1789 prospectat
470 1727 575 1774 Accensa
594 1739 650 1785 rogo
669 1724 761 1771 libertus
777 1725 834 1788 ejus,

171 1795 325 1850 cognomento
343 1789 454 1840 Mnester,
471 1789 520 1850 ips'e
538 1787 598 1835 ferro
617 1804 641 1835 se
656 1789 783 1852 transegit3
799 1789 836 1836 in·

171 1861 259 1901 certum
271 1853 362 1898 caritate
371 1853 396 1898 in
407 1860 530 1914 patronam,
547 1868 575 1900 an
590 1860 652 1900 metu
664 1854 734 1900 exitii.
760 1850 834 1901 Hune

173 1918 209 1965 sui
225 1917 292 1964 finem
302 1917 385 1964 multos
405 1924 458 1964 aitte
475 1933 547 1964 annos
566 1919 689 1965 crediderat
700 1917 837 1980 Agrippina,

173 1989 378 2043 contemneretque:
400 1997 451 2028 nam
463 1984 588 2030 consulenti
604 1999 670 2045 super
679 1973 783 2038 Nerone,
798 1998 835 2031 se·

171 2048 309 2109 aponderunt
328 2045 436 2102 Chaldaei,
452 2047 501 2093 lore
516 2055 541 2094 ut
560 2049 679 2110 imperaret
696 2055 837 2108 matremque

171 2111 298 2193 occidqret:
317 2121 384 2172 atque
393 2112 438 2167 illa,
454 2118 468 2141 ‘⁶
477 2111 595 2166 Occidat,”
607 2113 685 2174 inquit,
704 2120 717 2143 “
725 2113 779 2160 dum
790 2114 834 2160 ir'n·

201 2175 259 2222 ret.’
775 2220 777 2225 ,

171 2190 238 2287 peX.
257 2240 301 2287 Sed
315 2255 329 2287 a
341 2238 438 2293 Caesare,
449 2239 548 2302 perfecto
560 2241 651 2288 demum
662 2242 753 2297 scelere,
769 2256 835 2304 mag·

173 2305 252 2352 nitudo
274 2306 322 2366 ejus
339 2304 452 2351 intellecta
470 2313 511 2352 est
550 2305 648 2367 Reliqno
667 2309 746 2361 noctis,
766 2307 835 2354 modo

172 2386 213 2434 per
223 2371 335 2416 silentium
355 2369 447 2424 defixus,
466 2371 548 2432 saepius
561 2387 644 2433 pavore
663 2386 795 2433 exsurgens,
812 2378 836 2418 et

173 2436 257 2482 mentis
268 2436 339 2497 inops,
351 2435 423 2481 lucem
437 2437 595 2497 opperiebatur,
612 2444 726 2497 tamquam
738 2437 833 2484 exitium

172 2501 296 2547 allaturam.
328 2500 405 2561 Atque
416 2516 473 2556 eum,
494 2508 584 2547 auctore
595 2501 676 2555 Burro,
696 2503 769 2562 prima
780 2516 834 2548 cen-

172 2566 288 2612 turionum
304 2567 487 2627 tribunorumque
503 2566 599 2613 adulatio
617 2568 645 2613 ad
656 2582 718 2627 spem
729 2565 834 2622 muravit,

171 2631 324 2693 prensantium
335 2646 408 2685 manu,
429 2632 615 2692 gratantiumque,
633 2631 693 2692 quod
713 2632 834 2678 discrimen

172 2697 318 2760 improvisum
335 2703 359 2743 et
374 2697 451 2742 matris
461 2696 547 2742 facinus
558 2697 673 2743 evasisset
705 2695 783 2742 Amici
794 2697 834 2743 de·

169 2763 224 2809 hinc
235 2763 295 2810 adire
305 2762 394 2823 templa,
406 2769 435 2815 et,
447 2769 521 2824 coepto
529 2762 638 2824 exemplo,
650 2761 754 2823 proxima
762 2758 834 2809 Cum-

165 2827 245 2886 paniae
265 2827 386 2889 municipia
407 2828 503 2873 victimis
521 2834 544 2873 et
560 2826 709 2890 legationibus
730 2825 833 2872 laetitiam

146 2891 252 2959 'testaris
272 2892 328 2952 ipse,
349 2892 442 2940 diversd
454 2892 607 2949 simulatione,
616 2905 720 2944 maestus.
737 2898 763 2936 et
770 2890 837 2950 qussi

24 2976 64 3030 ι
137 2953 304 3004 mcolumitati
312 2957 368 3008 suae
384 2959 500 3019 infensus,
518 2975 547 3009 ac
560 2960 634 3009 morti
641 2955 827 3024 parentatum

380 3037 390 3062 Ι
