1680 3188
93 90 197 155 acas.
235 102 575 156 Auximumnmxm.
588 104 708 156 crans
740 109 772 158 os

94 240 208 288 relatum:
229 239 293 301 cujus
304 238 418 301 adspectu,
439 239 500 302 (ipsa
509 239 617 300 principis
627 239 696 285 verba
711 237 770 286 refe-

93 303 157 366 ram)
169 309 186 334 ‘⁸
196 303 287 362 Quin,”
301 305 381 365 inquit.
392 301 486 358 “Nero,
493 304 596 365 deposito
603 311 672 360 metu,
681 304 772 366 nuptias

95 369 214 434 Poppaeae,
227 369 255 417 ob
263 370 373 432 ejusmodi
379 376 477 416 terrores
485 369 570 423 dilatas,
579 377 692 417 maturare
699 376 770 432 parat,

94 435 266 496 Octaviamque
283 435 404 497 conjugem
423 434 525 491 amolin'3
542 434 646 495 quamvis
667 435 772 482 modeste

127 508 158 557 at,
171 508 195 548 et
206 500 300 547 nomine
332 501 392 555 atris,
409 506 433 546 et
451 499 530 545 studiis
546 499 622 563 populi
638 514 732 562 gravem
739 498 770 559 ?”.

93 516 144 615 ffid
160 565 189 612 ad
200 571 305 612 senatum
316 515 393 611 literas
403 565 471 620 misit,
484 563 512 610 de
523 565 586 611 caede
598 564 668 611 Sullae
680 563 768 612 Plauti·

94 647 141 694 que
155 631 218 678 haud
235 629 359 685 consessus,
370 645 449 677 verum
468 630 584 691 utriusque
600 628 713 676 turbidum
731 630 769 678 in-

94 697 192 761 genium
203 711 261 750 esse,
277 702 300 742 et
311 696 352 742 sibi
363 695 608 757 incolumitatemreip.
619 692 703 756 magni
714 693 769 743 curi

94 761 181 809 haberi.
214 760 324 808 Decretae
343 775 370 807 eo
390 761 482 807 nomine
500 759 680 822 supplicationes,
698 767 769 821 utque

93 827 161 874 Sulla
176 821 309 874 et'Plautus
321 832 401 873 senatu
412 831 563 881 moverentur,
579 825 721 888 gravioribus
732 833 769 873 ta·

94 907 151 939 rnen
162 891 270 945 ludibriis,
282 907 349 953 quam
360 891 434 938 malis.

127 956 185 1004 Lx.
203 955 279 1020 Igitur
296 963 388 1018 accepto
406 962 496 1019 patrum
514 955 626 1010 consulto,
645 961 766 1018 postquam

92 1030 178 1070 cuncta
197 1023 308 1069 scelerum
327 1037 419 1069 suorum
436 1037 477 1084 pro
492 1022 591 1083 egregiis
605 1022 675 1083 accipi
696 1021 766 1077 videt,

91 1088 199 1135 exturbat
217 1085 344 1143 Octaviam,
363 1087 461 1134 sterilem
474 1086 585 1133 dictitans.
617 1085 680 1132 Exin
701 1084 764 1148 Pop-

90 1167 152 1215 paeae
166 1153 319 1216 conjungitur.
352 1151 389 1199 Ea
400 1152 437 1198 diu
448 1152 529 1213 pellex,
547 1158 570 1197 et
582 1150 677 1197 adulteri
688 1149 765 1198 Nero-

90 1218 135 1273 nis,
148 1233 204 1264 mox
215 1218 290 1264 mariti
300 1224 388 1279 potens,
406 1217 524 1278 quemdam
536 1231 566 1262 ex
576 1216 684 1262 ministris
694 1215 764 1263 Octa·

90 1283 139 1330 viae
154 1282 250 1345 impulit,
268 1283 372 1330 servilem
387 1283 408 1329 ei
426 1296 526 1328 amorem
537 1281 645 1342 objicere:
665 1280 764 1328 destina.-

91 1354 176 1410 turque
188 1362 246 1402 reus,
264 1354 418 1411 cognomento
429 1346 542 1404 Euenus,
554 1346 645 1393 natione
660 1344 763 1393 Alexan·

91 1413 178 1468 dnnus,
190 1428 271 1461 canere
282 1414 341 1460 tibiis
352 1414 440 1461 doctus.
471 1411 540 1460 Actae
556 1411 584 1459 ob
595 1411 617 1457 id
634 1411 662 1457 de
678 1411 765 1460 ancillis

91 1480 239 1540 quaestiones,
254 1486 277 1526 et
287 1479 311 1524 vi
322 1485 486 1526 tormentorum
500 1477 566 1524 victis
582 1476 721 1538 quibusdam,
739 1483 765 1523 ut

88 1543 148 1592 falsa
155 1551 289 1599 annuerent,
299 1543 376 1606 plures
388 1541 506 1607 perstitere
517 1543 657 1590 sanctitatem
666 1541 765 1588 dominae

89 1610 157 1657 tueri.
191 1609 231 1656 Ex
246 1610 330 1670 quibus
350 1624 395 1656 una
416 1609 509 1656 instanti
530 1607 652 1671 Tigellino,
669 1607 765 1654 castiora

94 1690 147 1722 ease
167 1674 285 1722 muliebria
304 1675 409 1722 Octaviae
430 1674 554 1737 respondit,
577 1686 644 1733 quam
662 1688 688 1718 os
706 1672 763 1734 eJus.

93 1739 207 1787 Moretur
225 1747 301 1787 tarum
323 1741 402 1803 primo,
422 1740 494 1787 civilis
510 1738 596 1786 discidii
612 1737 701 1800 specie:
720 1737 762 1788 do-,

89 1819 200 1866 mumque
210 1804 286 1860 Burri,
305 1813 328 1852 et
345 1806 431 1867 praedia
441 1804 524 1860 Plauti,
539 1803 636 1850 infausta
646 1803 712 1856 dona,
724 1816 763 1848 ao

89 1870 159 1932 cipit:
179 1885 234 1918 mox
245 1872 269 1916 in
282 1869 429 1932 Campaniam
446 1871 511 1932 pulsa
523 1877 564 1924 est,
580 1865 656 1915 additi
671 1867 762 1914 militari

88 1934 200 1983 custodid.
234 1934 291 1983 Inde
303 1937 373 1982 crebri
385 1945 484 1997 questus,
501 1950 543 1982 nec
558 1933 640 1981 occulti
653 1947 694 1994 per
709 1931 761 1979 vul-

89 2016 165 2062 gum3
183 2002 220 2048 cui
232 2003 307 2048 minor
319 2002 435 2062 sapientis,
452 2008 481 2057 et,
499 2014 529 2047 ex
540 1998 695 2045 mediocritate
712 1995 760 2043 for-

90 2073 162 2126 tunae,
173 2067 279 2128 pauciora
289 2067 388 2128 pericula
399 2075 460 2113 sunt.
493 2064 540 2112 His
554 2063 626 2117 Nero,
645 2060 761 2122 haudqud-

89 2146 159 2192 quam
166 2129 301 2195 poenitentib
312 2131 398 2194 flagitii,
416 2132 537 2194 conjugem
552 2127 669 2184 revocavit
688 2126 759 2174 Octa-

88 2211 159 2244 mam.

121 2259 194 2308 LXI.
216 2261 279 2310 Exin
296 2263 345 2309 laeti
365 2260 503 2324 Capitolium
521 2258 639 2313 scandunt,
659 2256 764 2318 deosque

88 2327 181 2373 tandem
203 2334 346 2375 venerantur.
384 2326 481 2388 Effigies
504 2323 612 2386 Poppseae
632 2328 757 2385 proruunt:

86 2380 194 2439 (letaviae
202 2393 315 2456 imagines
321 2400 415 2458 gestant
425 2391 532 2447 humeris,
543 2395 654 2454 spargunt
659 2387 763 2444 fioribus,
815 2395 817 2399 ·

75 2454 176 2514 foroque
191 2471 218 2503 ac
230 2459 325 2522 templis
342 2467 467 2511 statuunts
487 2458 613 2526 repetitam
628 2461 784 2504 uenerantur.

66 2512 164 2592 Ituret
184 2521 209 2566 in
228 2527 347 2594 principis
367 2531 464 2582 laudes.
501 2526 608 2594 lamque
628 2531 656 2574 et
668 2517 811 2588 aduttum·

55 2577 213 2633 multitudiue
232 2599 258 2640 et
275 2595 432 2653 clamoribus
455 2599 631 2668 complebant,
649 2606 710 2642 cum
733 2583 817 2656 enias?

45 2637 154 2695 militum
162 2651 237 2713 globi
248 2665 405 2724 verberibus
417 2679 449 2726 et
458 2672 569 2730 intento
580 2667 656 2722 letto
666 2659 773 2715 turbam
783 2647 817 2695 du
