1680 3188
83 114 182 158 acas.
216 80 559 162 asumuunnnuu
572 110 662 167 cmc.
725 118 759 164 ss

85 246 174 292 turbata
195 256 261 290 mens
279 243 328 290 vim
352 241 439 289 dicendi
459 257 506 289 non
525 244 632 306 comrpit.
664 241 717 292 Nec
733 245 759 293 ia
784 276 794 283 .

87 308 191 365 Claudio,
203 308 293 370 quoties
302 307 410 354 meditata
427 307 551 362 dissereret,
570 309 706 370 elegantiam
723 327 760 359 re·

86 377 195 437 quireres.
227 372 293 419 Nero
301 372 423 434 puerilibus
435 373 511 419 statim
527 373 702 426 annisviridum
710 377 760 424 ani·

86 455 150 488 mum
167 441 192 486 in
207 439 252 486 alia
267 438 375 484 detmsit:
399 437 487 493 celare,
504 438 604 500 pingere,
625 448 707 488 cantus
721 448 762 492 sut

87 506 191 568 regimen
202 518 312 566 equorum
320 517 439 550 exercere:
459 510 482 549 et
490 504 616 564 aliqnando,
625 506 761 554 canninibus

178 570 220 626 dis,
232 569 308 618 inesse
315 569 357 615 sibi
368 568 480 615 elementa
490 568 599 616 doctrinae
610 571 750 620 ostendebat.

85 585 311 691 Pullllncacterum,
328 635 424 695 peractis
435 634 532 680 tristitiae
547 635 700 691 imitamentis,
719 651 760 684 cu·

88 701 145 747 riam
157 701 282 762 ingressus,
294 705 318 745 et
326 698 355 745 de
366 699 499 745 auctoritate
508 707 604 762 patrum,
617 706 761 750 &consensu

87 766 187 812 rnilitum
198 763 314 827 praefatus,
326 765 420 811 masilia
431 764 471 811 sibi
483 772 506 810 et
517 765 620 827 exempla
631 767 760 828 capessendi

90 830 186 894 egregie
197 830 285 892 imperii
296 829 445 876 memoravitt
460 844 502 876 nec
516 831 632 893 juventam
648 832 716 878 armis
727 833 760 879 ci-

87 896 181 952 vilibus,
203 902 242 942 sut
261 895 391 941 domesticis
408 895 534 952 discordiis,
553 896 675 943 imbutam:
698 897 761 945 nulla

87 961 145 1015 odia,
161 960 238 1006 nullas
257 960 356 1022 injurias,
372 974 415 1006 nec
430 960 557 1022 cupidinem
569 960 661 1008 ultionis
672 961 759 1010 afferre.

89 1025 151 1074 Tum
163 1025 260 1072 sormam
270 1018 340 1071 futuri
350 1025 488 1086 principatus
497 1027 641 1088 prescripsit,
656 1042 683 1074 ea
695 1042 760 1074 max·

88 1091 134 1137 ime
144 1089 267 1145 declinans,
280 1105 375 1150 quorum
386 1105 466 1136 recens
476 1089 586 1152 flagrabat
596 1092 688 1138 invidis.
703 1091 760 1139 Non

89 1157 151 1203 enim
160 1171 186 1202 se
197 1155 341 1218 negotiorum
352 1155 557 1217 omniumjudicem
568 1156 624 1212 fore,
636 1164 668 1211 ut,
678 1157 761 1204 clausis

88 1223 157 1282 anan
174 1220 235 1267 iutra
245 1219 338 1267 domum
352 1220 519 1267 accusatoribus
534 1227 557 1267 et
573 1222 624 1277 reis,
635 1236 759 1282 paucorum

82 1280 193 1350 ‘potentia
201 1292 351 1347 grassaretur.
384 1284 449 1332 Nihil
456 1286 480 1332 in
486 1285 604 1349 penatibus
615 1286 661 1332 suis
672 1287 760 1342 venale,

88 1353 130 1398 aut
139 1350 257 1397 ambitioni
270 1351 386 1413 pavium:
406 1351 525 1398 discretam
542 1352 633 1398 dorsum
651 1358 674 1398 et
692 1368 762 1416 remp.

72 1451 73 1454 ,
89 1415 192 1472 Teneret
203 1416 296 1476 antiqua
306 1417 383 1462 munia
393 1423 497 1472 senatus:
517 1417 635 1463 consulum
641 1417 761 1466 tribunali-

69 1479 131 1528 'bus
150 1479 225 1536 Italia,
250 1487 273 1526 et
291 1480 386 1542 publicae
404 1481 527 1541 provinciae
549 1482 686 1529 assisterent.
723 1481 762 1531 Illi

89 1554 182 1609 panum
202 1545 288 1593 aditum
304 1546 443 1608 praeberent:
464 1561 488 1592 se
505 1547 616 1593 mandatis
626 1547 762 1596 exercitibus

89 1611 256 1674 epnsulturum.

123 1675 161 1723 V.·
172 1674 226 1723 Nec
237 1672 386 1722 defuittides.
420 1673 542 1735 Multaque
558 1676 651 1722 arbitrio
669 1677 762 1725 scnatda

57 1740 59 1745 ’
91 1742 219 1789 mustituta
225 1744 291 1787 subt:
307 1737 345 1785 Ne
353 1739 437 1800 quisad
446 1754 536 1787 causam
544 1742 650 1788 orandam
659 1743 762 1790 mercede

90 1814 130 1860 aut
140 1803 208 1853 donis
215 1811 342 1852 erneretur:
355 1818 385 1851 ne
393 1804 517 1868 designatis
525 1807 673 1867 quaestoribus
681 1808 761 1855 edendi

90 1872 231 1934 gladiatores
239 1869 360 1917 necessitas
371 1878 443 1916 esset:
459 1872 519 1931 quod
529 1871 619 1931 quidem
630 1871 763 1919 adversante

64 1929 68 1980 j
91 1935 231 1999 Agrippint,
238 1943 358 1997 tamquam
366 1942 416 1983 acta
422 1933 512 1985 Claudii
521 1937 709 1990 subverterentur,
722 1937 763 1984 ob-

41 2018 43 2023 ’
92 1999 184 2050 tinudre
193 2008 283 2064 patrem
301 2001 338 2061 qui
350 2001 374 2046 in
386 1999 498 2047 Palatium
509 2000 539 2046 ob
549 2000 572 2046 id
582 2002 727 2057 vocabantur,
739 2009 765 2048 ut

68 2076 72 2086 “
93 2067 203 2122 adstaret,
214 2066 298 2113 obditis
313 2080 327 2112 s
343 2073 410 2127 tergo
425 2065 511 2112 foribus
527 2065 579 2111 velo
591 2064 693 2120 discreta,
704 2067 766 2127 quod

93 2132 172 2189 risum
183 2138 277 2187 arceret,
294 2130 394 2177 auditum
409 2146 455 2177 non
475 2130 588 2177 adimeret.
623 2129 687 2184 Quin
698 2138 721 2177 et
731 2133 765 2178 le·

94 2199 158 2260 gatis
177 2196 345 2250 Armeniorum,
365 2210 457 2242 causam
476 2194 552 2256 gentis
574 2196 632 2258 apud
648 2194 766 2244 Neronem

95 2261 221 2316 orantibus,
237 2260 359 2308 escendere
369 2268 503 2322 suggestum
514 2261 660 2326 imperatoris,
672 2267 697 2307 et
706 2276 766 2324 prse-

96 2327 172 2385 sidere
187 2326 256 2374 simul
274 2326 381 2387 parabet;
403 2326 454 2381 nisi,
473 2327 562 2372 caeteris
580 2341 664 2388 pavore
680 2326 766 2383 defixis,

97 2392 187 2439 Seneca
197 2390 356 2448 &monuisset
368 2391 468 2451 uenienti
478 2391 546 2438 matri
556 2399 691 2440 occurreret.
723 2390 770 2450 Ita,

90 2456 585 2588 Wffssfllflblbidiblbbigb'ebiib
593 2527 738 2596 prorupisse
743 2540 804 2574 rur·

67 2588 121 2618 '¹¹¹¹'
131 2575 243 2638 mma
261 2591 287 2664 ‘f
307 2592 359 2656 rapi
374 2594 538 2658 Armeniam,
557 2598 666 2649 allatum
683 2601 737 2650 esis
743 2592 823 2658 tub*

56 2633 225 2705 mmm·
240 2665 282 2720 Ψ
296 2671 369 2724 'wite
382 2667 462 2735 regni
475 2670 535 2739 eius
550 2671 667 2739 potitus,
676 2655 832 2725 deamvi*
