1680 3188
75 124 196 166 J.c.,³u.‘
214 118 658 173 ANNALIUMLmX11.crr.46.
715 112 744 172 2‘1
776 142 781 149 ·

77 253 242 316 opprimerent.
274 250 499 311 Ita'Rhadnmintuo,
517 254 621 302 simulati
642 255 749 301 adversus
785 297 788 301 .

76 326 167 381 patrem
179 315 298 374 discordid,
304 324 418 377 tamquam
426 334 532 365 novercae
543 320 600 366 odiis
611 321 689 381 imper,
697 335 750 383 pem

78 384 115 444 git
125 383 154 430 ad
165 391 271 445 patruum
281 400 286 429 ε
306 380 421 443 multique
428 385 456 430 ab
464 401 491 430 eo
500 386 612 440 comitate,
620 385 644 431 in
651 386 749 447 speciem

77 448 184 502 liberum,
202 449 283 502 cultus,
295 448 404 510 primores
416 449 575 496 Armeniorum
590 450 619 496 ad
631 465 666 503 rea
678 464 750 496 novas

79 513 153 564 illicit,
162 515 244 574 ignaro
255 521 279 559 et
289 520 383 559 ornante
393 514 485 576 insuper
496 514 636 562 Mithridate.

114 576 197 626 XLV.
214 577 415 635 Reconciliationis
429 580 503 641 specie
515 579 621 635 aranmtri,
634 593 751 642 regressus

80 643 110 690 mi
132 649 227 704 patrem,
249 659 301 704 quae
316 643 396 689 fraude
416 644 496 691 confici
519 645 646 706 potuerint*
662 650 752 704 promta

81 709 179 763 nuntiat,
192 714 274 754 caetera
285 708 353 755 armis
363 710 513 769 exsequenda.
546 708 641 757 Interim
653 708 751 755 Pharas·

82 788 164 820 munes
174 773 226 820 belli
238 789 317 820 causac
326 773 451 836 confingit:
470 775 583 836 proelianti
591 775 632 821 sibi
644 774 752 820 adversus

82 853 164 900 regern
176 837 324 893 Albanorum,
336 844 360 884 et
370 838 488 885 Romanos
499 840 582 886 anxilio
596 839 693 893 vocanti,
706 837 752 884 ira·
783 879 785 883 .

84 910 144 950 trem
160 904 311 957 adversatum,
321 919 425 964 eamque
442 904 544 965 injuriam
564 905 663 950 exscidio
682 904 753 966 ipsius

85 969 160 1015 ultum
178 968 269 1015 iturum.
302 968 375 1016 Simul
392 984 486 1031 magnas
505 969 580 1030 oopiaa
594 967 642 1014 filio
656 968 753 1015 tradidit.

85 1030 133 1080 Ille
149 1033 274 1094 irruptione
293 1031 365 1079 subiti
384 1035 492 1087 territum,
512 1041 650 1096 exutumque
668 1035 753 1096 campis

85 1097 248 1154 Mithridaten,
258 1098 368 1160 compulit
383 1099 407 1145 in
422 1099 537 1146 castellum
551 1100 662 1154 Gorneas,
679 1105 753 1145 tutum

85 1163 140 1210 ioco
151 1177 178 1210 ue
188 1163 293 1224 praesidio
300 1164 403 1217 militum,
415 1161 467 1224 quis
479 1163 564 1212 Caelinr
574 1163 648 1211 Pollio
658 1163 753 1225 praefec·

86 1237 133 1282 tue,
144 1227 377 1290 centurioNCarperius
386 1237 489 1290 praeerat.
518 1227 583 1275 Nihil
593 1236 638 1274 tarn
651 1229 754 1293 ignarum

85 1293 193 1346 barbaris,
208 1308 276 1354 quam
292 1295 471 1341 machinamenta
485 1301 509 1340 et
528 1300 590 1340 ustus
605 1292 754 1355 oppugnatio·

77 1369 159 1404 'numr
180 1365 203 1404 at
217 1359 283 1405 nobis
298 1373 385 1420 eapars
404 1360 490 1406 mihtin
508 1359 607 1405 maxime
625 1372 696 1419 gnam
714 1364 757 1402 ent.

88 1419 129 1469 Ita
145 1421 314 1477 Rhodamirtus,
335 1424 418 1470 frustra
434 1424 472 1470 vel
489 1440 540 1471 cnm
562 1424 643 1470 damno
662 1421 754 1469 tentatio

88 1488 259 1542 munitionibus,
270 1488 379 1535 obsidium
390 1490 480 1550 incipit:
500 1497 529 1543 et,
541 1505 592 1535 curn
604 1489 639 1535 vis
650 1488 754 1549 neglige-

86 1561 157 1608 retur,
176 1554 292 1600 avaritiam
303 1553 402 1615 praeiecti
413 1560 543 1608 emereatur,
561 1555 685 1601 obtestante
697 1550 762 1598 Cas·-

86 1617 158 1680 perio,
171 1633 201 1664 ne
212 1620 286 1665 rocius
297 1633 344 1672 rex,
356 1633 384 1665 ne
396 1620 510 1673 Armenio,
522 1619 606 1665 donum
616 1618 692 1682 populi
704 1615 755 1663 Ro-

86 1683 156 1737 mani,
168 1683 253 1730 scelere
264 1691 287 1730 et
297 1682 391 1745 pecuniir
401 1691 548 1730 verterentur.
570 1683 695 1737 Postremo,
705 1682 758 1742 quia

86 1747 256 1795 multitudinem
267 1750 365 1795 hostium
377 1748 458 1803 Pollio,
465 1751 531 1812 jussa
541 1750 609 1811 patris
621 1746 756 1794 Rhadamia*

88 1819 129 1858 tus
144 1813 301 1868 obtendebant,
324 1821 403 1875 pactus
419 1814 520 1861 inducias
539 1814 695 1866 absceditssut,
711 1810 757 1857 nini
783 1842 786 1849 ·

89 1876 261 1925 Pharasmanen
272 1879 330 1924 bello
336 1879 498 1936 absterruieset,
505 1876 534 1924 T.
544 1877 684 1924 Ummidium
691 1875 757 1930 Qua·

89 1942 188 1998 drotum,
199 1944 318 2005 praesidem
331 1944 403 2005 Syriae
411 1944 509 2000 doceret,
520 1959 565 2004 quo
573 1943 597 1989 in
606 1950 665 1998 statu
673 1941 758 1989 Arme·

89 2008 138 2054 nie
148 2007 232 2055 forent.

76 2124 79 2128 ,
125 2071 221 2122 XLVI.
237 2072 352 2135 Digressu
368 2075 512 2128 centurionis,
527 2075 591 2120 velut
606 2072 699 2120 custode
716 2086 757 2118 ex·

89 2137 181 2184 solutus
187 2137 315 2199 praeiectun,
324 2139 407 2186 hortari
416 2139 563 2186 Mithridaten
575 2139 604 2185 ad
614 2137 758 2184 sanciendum

89 2203 175 2256 fredus,
195 2203 377 2264 conjunctionem
398 2203 501 2261 fratrum,
525 2219 551 2250 ac
572 2204 669 2264 priorem
692 2208 760 2248 aetate

90 2266 271 2322 Pharasmanen,
289 2275 313 2315 et
329 2278 411 2315 caetera
421 2269 609 2315 necessitudinum
620 2267 712 2314 nomina
723 2281 760 2311 re·

89 2332 176 2386 ferens,
187 2332 256 2379 tiliam
267 2333 316 2395 ejus
326 2333 349 2380 in
360 2334 502 2381 matrimonio
514 2333 618 2389 haberet3
635 2331 695 2391 quod
711 2331 759 2392 ipse
783 2364 786 2369 .

90 2396 244 2444 Rhadamirto
253 2413 319 2445 socer
328 2405 395 2457 emet.
413 2399 470 2449 Non
478 2400 670 2463 abnuere-pacem
674 2393 774 2449 hherom

81 2474 219 2518 umqum
229 2462 254 2507 in
267 2470 371 2526 tempore
387 2468 531 2528 validiores,
550 2476 578 2518 et
587 2467 648 2517 oat'ra
663 2461 792 2527 cognitam

70 2520 238 2571 mmmm
250 2527 373 2588 perfidiam
384 2553 454 2587 :neo
465 2537 532 2588 uliud
544 2534 660 2590 summit,
667 2526 820 2596 quamtum-¹

58 2579 308 2648 &memorerm
327 2615 460 2666 egenum:
485 2623 520 2673 xpe
538 2607 675 2658 dulirtatet
689 2591 828 2650 amurm-
