1680 3188
99 418 148 472 aaa
204 421 424 475 anumcoLAE
435 420 526 473 vrrs,
549 420 660 475 caasa

101 560 159 607 rant,
170 560 233 602 tanto
250 555 322 602 acrius
338 556 416 617 pulsos
432 556 455 602 in
470 554 548 617 fugam
564 554 695 617 disjecisset.
727 548 763 601 Is

100 619 218 664 consilium
233 618 394 666 Britannorum
409 622 433 667 in
449 621 510 682 ipsos
523 634 628 666 versum:
647 626 772 665 transm·

101 688 175 743 taeque
185 691 297 745 praeccptn
308 685 392 731 ducisa
401 684 475 731 frome
482 684 630 746 pugnantium
641 683 692 737 alae,
700 695 762 729 aver*

100 761 149 793 sam
160 748 256 794 bostIum
268 749 337 795 selem
353 748 460 796 invasEre.
493 746 553 794 Tum
568 763 622 795 vern
636 747 762 809 patentibus

100 810 157 857 locis
167 813 251 873 grande
262 820 285 859 et
298 820 363 859 atrox
373 813 537 875 spectaculum:
557 813 627 873 sequi,
637 812 761 867 vulneram,

99 888 186 936 capere,
204 884 270 937 atque
285 879 383 932 eosdem,
399 879 478 924 oblatis
493 878 548 931 aliIs,
559 877 678 923 trucidare.
709 874 762 923 Iam

99 939 205 994 bostium,
216 950 282 1003 prout
292 943 371 1002 cuique
381 943 496 1004 ingenium
511 948 565 994 erat,
577 948 675 987 catervae
690 954 760 986 arma·

99 1010 175 1050 torum
194 1007 332 1066 paucioribus
349 1015 412 1068 terga
429 1017 542 1067 praestare,
559 1005 650 1065 quidam
666 1005 762 1051 inermes

99 1068 160 1115 ultro
179 1084 249 1124 ruere,
266 1084 291 1115 ac
310 1085 335 1116 se
350 1072 417 1116 morti
435 1070 521 1117 offerre.
554 1069 644 1116 Passim
661 1083 725 1115 arms
737 1076 760 1116 et

99 1145 194 1194 corpora
201 1142 224 1180 et
234 1135 299 1179 laceri
310 1142 371 1180 artus
382 1142 405 1180 et
412 1143 504 1181 cruenta
512 1136 606 1180 humus:
626 1144 651 1180 et
660 1134 760 1194 aliquan·

99 1197 129 1244 do
148 1198 215 1244 etlarn
230 1199 295 1244 victis
313 1198 346 1244 ira
362 1199 489 1260 virtusque:
509 1206 627 1260 postquam
644 1198 708 1245 silvis
721 1211 759 1259 sp·

98 1262 283 1323 propinquarunt,
294 1263 387 1317 collecti,
399 1265 483 1325 primos
497 1263 644 1323 sequentium,
659 1263 759 1309 incanus

99 1333 123 1372 et
133 1327 233 1373 locorum
244 1328 341 1388 ignaros,
352 1328 560 1374 circumveniebant
593 1326 664 1381 Quod
674 1327 699 1375 ni
712 1324 756 1373 Ire-

98 1404 169 1450 quens
181 1392 262 1452 ubique
272 1392 379 1453 Agricola
391 1393 473 1439 validas
483 1400 507 1438 et
517 1392 632 1453 expeditas
647 1392 757 1444 cobortes,

97 1455 210 1516 indaginis
220 1456 293 1510 modo,
302 1464 331 1511 et,
340 1458 409 1504 sicubi
419 1458 514 1504 arctiora
521 1464 590 1512 erant,
598 1464 686 1517 partem
697 1455 756 1515 equi·

96 1526 153 1574 tum,
173 1520 270 1567 dimissis
290 1521 358 1581 equis,
378 1522 444 1567 simul
462 1522 556 1569 rariores
574 1521 643 1567 silvas
661 1521 757 1582 equitem

96 1585 220 1644 persultare
235 1585 346 1646 jussisset,
368 1595 484 1647 acceptum
505 1586 595 1646 aliquod
616 1585 700 1633 vulnus
721 1597 759 1647 pe

97 1649 189 1695 nimiam
207 1648 308 1696 liducIam
327 1649 393 1697 soret.
424 1648 545 1705 Caeterum,
565 1650 603 1696 ubi
621 1648 756 1712 compositos

95 1710 166 1759 firmis
180 1714 293 1761 ordinibus
307 1715 368 1776 sequi
380 1730 456 1762 rursus
466 1713 548 1769 videre,
564 1716 588 1760 in
602 1713 681 1775 sugam
692 1712 755 1769 versi.

95 1790 142 1823 non
153 1779 285 1840 agminibus,
294 1785 320 1824 ut
330 1779 398 1840 priua,
407 1794 448 1826 nac
458 1779 515 1825 alius
522 1779 590 1825 alium
599 1784 755 1839 respectantes,

96 1842 139 1887 rari
152 1850 175 1889 et
188 1843 302 1890 vitabundi
318 1844 421 1898 invicem,
436 1843 560 1905 longinqua
570 1849 638 1902 atque
654 1843 705 1890 avla
717 1856 756 1904 ps·

93 1902 158 1951 libre.
190 1906 252 1953 Finis
271 1908 377 1968 sequendi
396 1922 443 1954 nox
461 1915 485 1954 et
503 1907 593 1954 callens
612 1905 671 1955 fuit:
698 1918 756 1953 (ιω

94 1969 192 2017 boatium
207 1972 235 2018 ad
249 1972 326 2018 decem
341 1972 424 2018 millia:
444 1979 570 2023 nostrorum
585 1973 680 2019 trecenti
691 1985 754 2018 sexa·

93 2034 158 2094 ginta
168 2033 280 2093 cecid6r03
297 2037 321 2081 in
332 2032 383 2096 quis
391 2036 464 2083 Aulus
475 2037 576 2092 AttIcus,
585 2035 707 2097 praefectus
717 2051 755 2082 cc-

91 2096 170 2208 llqprtis,
184 2099 280 2161 juvenili
298 2100 377 2146 ardore
395 2108 419 2148 et
439 2099 522 2148 ferocii
537 2101 588 2162 equi
608 2102 709 2147 hostibus
726 2099 753 2146 il·

115 2168 159 2209 tus.
516 2200 519 2205 .

125 2225 277 2274 XXXVIII.
302 2227 335 2275 Et
356 2243 402 2276 nox
424 2231 513 2291 quidem
534 2230 618 2292 gaudio
636 2225 755 2291 praeddque

91 2289 146 2337 Iaeta
164 2293 297 2339 victoribus:
317 2293 420 2340 Britanni
437 2296 542 2355 palantes,
559 2295 676 2354 mixtoque
694 2294 755 2340 vito·

92 2370 142 2402 rum
153 2357 314 2418 mullerumque
324 2358 418 2420 ploratu,
427 2361 514 2406 trahere
524 2360 661 2413 vulneratos,
672 2370 753 2405 vocare

91 2419 199 2481 integros,
215 2422 316 2469 deserere
332 2423 416 2477 domos,
434 2439 460 2469 ac
473 2439 512 2485 per
528 2426 583 2469 iram
600 2424 660 2469 ultro
676 2423 752 2468 incen-

90 2483 157 2530 dere:
177 2486 260 2547 eligcre
270 2487 366 2534 latebras
381 2496 404 2534 et
415 2489 489 2535 statim
502 2489 638 2548 relinquere:
659 2488 753 2533 miscere

88 2548 186 2594 invicem
206 2551 298 2596 consilia
319 2552 398 2612 aliqua,
421 2553 472 2598 dein
494 2568 609 2613 separare:
635 2550 752 2612 aliquando

88 2610 163 2676 frangi
177 2614 282 2675 adspectu
292 2616 411 2677 pignorum
427 2631 524 2670 suorum,
537 2617 618 2677 saepius
630 2614 749 2662 concitari:

88 2679 188 2738 satisque
204 2680 324 2733 constabat,
337 2679 428 2728 saevisse
439 2681 548 2741 quosdam
563 2681 585 2726 in
602 2682 711 2741 conjuges
726 2693 752 2725 ac

88 2741 176 2796 liberos,
192 2750 304 2803 tamquam
320 2745 485 2791 misererentur.
518 2744 638 2790 Proximus
655 2744 703 2790 dies
717 2742 750 2789 fa·

85 2806 144 2851 ciem
162 2808 263 2854 rictoriae
276 2808 342 2854 latius
360 2811 459 2871 aperuit:
479 2820 567 2856 vastum
585 2809 666 2868 ubique
682 2807 750 2855 silen-

72 2868 140 2927 ἄνω,
152 2875 238 2923 secreti
253 2873 330 2932 calles,
342 2873 455 2925 fumantia
467 2874 547 2939 procul
554 2881 622 2929 tecta,
630 2888 699 2919 uerno
708 2886 750 2919 ex·

53 2931 222 2995 &frontus
237 2944 340 2996 obvius:
365 2946 450 3011 quibus
465 2945 492 2994 in
511 2956 605 2994 omnem
620 2944 710 3003 partem
725 2935 760 2982 dx·
