1680 3188
59 113 110 157 tc.
120 115 156 167 ds.
225 111 355 163 lna-XVI.
364 111 562 162 ANNALIUM.
671 112 717 159 162

57 369 116 418 diam
137 372 268 419 emunctae
302 371 354 420 Has
370 372 458 418 virtutis
474 372 583 432 imagines
604 368 716 430 adspicite,

57 432 181 482 Thraseam
198 435 295 492 Paetum,
310 425 406 484 Baream
423 436 532 482 Somnum
548 442 620 480 morte
635 432 717 479 multa·

56 504 98 553 tos,
110 500 174 560 quasi
186 514 238 546 cum
248 501 303 560 ipsis
312 502 383 547 virtus
397 508 457 547 esset
465 499 635 546 commoritura:
653 497 716 542 illus·

56 568 102 610 tres
115 562 220 618 ferninas,
232 563 339 618 Sextiam,
355 564 481 618 Pollutiam,
494 563 609 610 Serviliam
624 561 715 614 cernite,

57 627 119 674 nullo
129 628 222 689 pudore,
233 629 356 675 reluctante
369 626 454 682 naturd,
465 628 493 674 ad
503 627 609 688 supplicia
619 631 716 672 vocatas.

57 687 166 753 inmittite
176 692 246 753 ipsam
261 692 383 748 infantiam,
395 692 466 753 culpae
479 693 563 745 rudem,
574 691 646 751 poenis
663 688 714 734 subu

56 754 141 812 ditanu
158 754 268 802 Rufinum
283 755 411 817 Crispinum
425 756 454 802 ob
468 756 569 817 pueritiae
583 754 645 800 lusus
659 751 716 799 mari

56 819 192 867 damasum·
223 819 301 875 Hunc,
312 821 371 866 bunc
385 820 491 881 despicite
500 819 606 865 tenellum
617 825 640 864 et
651 816 713 863 nobi·

56 882 101 930 lem
111 882 224 946 prrerum''
236 884 355 947 (infantem
361 884 497 930 monstrabat
508 884 531 929 in
537 882 641 930 Baleares
651 882 713 927 insu·

56 946 89 995 lar
99 963 113 995 a
124 945 219 995 Nerone
232 949 335 1011 ejectum,
346 963 412 1009 quem
425 948 478 994 inde
490 949 538 1009 ipse
552 953 678 1000 retraxerat.
689 950 715 990 ut

55 1013 128 1074 maior
138 1013 262 1060 exoriretur
271 1010 394 1072 miserau'o)
406 1013 493 1058 “sortis
504 1026 551 1058 suae
559 1024 622 1070 aeque
632 1024 658 1056 ac
669 1009 713 1055 cri·

56 1076 124 1123 minis
135 1076 242 1132 natium,
253 1092 365 1138 nunquam
379 1075 512 1137 civemjtrm
523 1075 630 1122 exsulem.
653 1072 714 1118 Haec

57 1138 158 1187 Neronis
171 1139 283 1190 facinora!
301 1142 350 1188 baeo
360 1138 509 1188 monimenta!
527 1139 585 1200 apud
594 1137 656 1183 illum
672 1152 713 1182 no·

55 1203 136 1259 bilitas,
152 1219 213 1266 opes,
224 1205 346 1266 ingenium,
361 1208 437 1259 virtus,
448 1217 523 1259 sexus,
534 1211 595 1255 setas,
606 1202 652 1247 vita
666 1201 714 1263 ipra

55 1268 150 1315 crimina
165 1275 226 1315 sunt.
257 1269 302 1316 Per
316 1271 365 1317 baee
383 1269 488 1315 adversus
505 1281 577 1329 genus
593 1266 714 1312 humanum

56 1339 179 1394 gratatur.
212 1332 311 1380 Ruinam
336 1334 438 1381 omnibns
460 1332 614 1377 imminentem
630 1330 678 1392 jan
700 1342 714 1375 a

58 1396 132 1444 Galba
146 1397 276 1459 propulsare
289 1399 357 1459 coeplt
367 1397 471 1453 Vindex3
488 1396 525 1442 alii
535 1397 562 1442 ab
578 1394 633 1448 aliis,
645 1406 713 1455 egos

56 1460 121 1508 vobis
131 1469 238 1508 avertam.
261 1460 364 1516 Caesaris,
376 1460 519 1523 imperatoris
526 1459 650 1506 nominibus
661 1471 712 1519 par·

56 1524 109 1572 cite·
140 1523 184 1571 Me
199 1525 289 1573 senatds
306 1526 424 1588 populique
434 1524 532 1571 Romul
547 1523 647 1586 legatum
663 1535 713 1568 esre

32 1640 35 1646 ,
56 1589 162 1636 memini:
181 1589 227 1637 hoo·
235 1591 279 1636 mei
292 1591 390 1636 muneris
404 1589 502 1644 nomine,
514 1588 598 1650 imperii
609 1588 712 1649 majesta-

55 1659 109 1709 tem,
121 1668 263 1701 communem
274 1655 373 1700 omnium
382 1655 476 1700 salutem
486 1652 622 1713 tuerijuvat.
649 1649 713 1697 Nori

56 1731 94 1764 me
110 1716 227 1765 aNerone
242 1719 309 1764 morti
319 1719 459 1765 destinatum.
493 1716 616 1764 Sedvitm
632 1714 713 1762 labori·

54 1781 96 1829 Μ
112 1782 240 1836 exercitam,
251 1782 354 1844 perieulis
368 1781 431 1828 finire
441 1782 564 1843 egregium.
596 1779 646 1826 Vos
661 1787 712 1826 tan·

55 1851 104 1893 tum
119 1855 162 1906 pro·
176 1844 254 1907 parit,
264 1861 304 1908 prc
314 1845 389 1894 vestm
402 1846 554 1892 incolumitate
569 1844 662 1891 certanti
677 1842 713 1890 fa·

55 1907 132 1957 rete.‘’
154 1908 183 1956 In
193 1911 262 1972 legati
272 1911 437 1958 admirationem
448 1911 568 1969 laudesque
577 1914 659 1956 aecutae
670 1923 711 1954 vo-

55 1987 95 2021 ees
115 1974 246 2022 innumere.
278 1974 342 2022 Nero
363 1976 446 2022 odiosis
464 1973 559 2020 dicteriis
580 1972 714 2019 cumulatur.

55 2036 140 2085 Omnia
150 2038 179 2085 ad
189 2038 295 2086 libertatis
305 2047 327 2086 et
339 2039 461 2086 securitatis
472 2038 634 2084 munimentum
645 2050 713 2098 appa·

55 2109 140 2149 rantur.

87 2163 209 2228 [Nondum
219 2167 251 2215 ita
260 2168 411 2216 fervescebant
424 2167 547 2229 Hispaniae¹
559 2180 610 2213 cum
624 2163 712 2210 Italian

54 2240 191 2292 pervagatus
206 2240 241 2279 est
252 2233 376 2280 Galliarum
389 2231 520 2279 defectionis
535 2245 617 2278 rumor.
649 2227 713 2274 Nea·

83 2294 123 2342 lim
134 2296 237 2356 pervenit
246 2297 282 2343 die
291 2298 347 2358 ipsc,
358 2312 402 2357 quo
417 2295 481 2343 Nero
491 2302 585 2342 matrem
596 2293 715 2341 occiderat.

77 2373 182 2419 amquam
192 2359 269 2407 laetum
283 2360 423 2422 faustumque
436 2361 517 2421 aliquid
530 2359 609 2406 suisset
622 2356 712 2403 nuntia·

54 2428 109 2477 tum,
128 2424 204 2470 statim
226 2425 249 2471 in
267 2427 409 2486 gymnasium
429 2425 539 2486 progredi,
558 2428 713 2478 certantesque

53 2487 149 2537 athletas
170 2485 273 2535 effusiore
293 2491 374 2551 gaudio
395 2498 504 2552 spectare,
523 2487 584 2549 quod
603 2487 713 2544 insperata

55 2551 234 2661 {paleatimimrs
244 2555 368 2615 provincias
380 2553 492 2617 predandi
503 2567 569 2599 causa
579 2555 711 2598 cocurreret.

75 2630 139 2722 :nim
154 2617 339 2671 tumultuosiora
354 2620 437 2681 literae,
448 2635 516 2686 super
533 2631 628 2671 seeum
637 2613 727 2671 abath

88 2690 104 2722 o
135 2691 166 2727 ιι.
451 2704 475 2745 0
