1680 3188
60 2952 83 3044 l

124 396 172 442 228
228 389 454 445 morutium·
462 392 553 444 VITA.
575 395 686 446 Cum.

123 524 234 579 servituri,
245 525 387 591 sulemntur:
407 527 514 590 conjuges
524 541 665 587 sororesque,
677 526 720 574 etsi
735 526 789 573 lios·

123 591 186 636 tilem
205 591 317 653 libidinem
336 589 451 652 effigient,
471 592 562 639 nomine
579 592 704 638 amicorum
723 598 788 652 utque

123 655 235 715 hospitum
246 655 382 715 polluuntur.
413 654 480 702 Bona
489 654 634 716 fortunasque
645 656 669 701 iu
681 656 787 702 tributum

123 728 234 780 egerunt3
250 720 274 765 in
291 734 402 766 annonam
416 718 568 767 frumentum:
587 734 683 780 corpora
699 720 749 781 ipss
762 734 787 765 sc

123 797 210 837 manus,
222 783 284 830 silvis
298 799 324 829 uc
335 783 450 844 paludibus
464 783 610 837 emuniendis,
622 783 717 830 verbero
729 784 788 829 inter

124 861 150 893 sc
165 848 318 902 contumelias,
329 855 454 894 conterunt.
485 847 549 895 Nata
562 848 665 894 servituti
679 847 788 909 mancipis

125 912 195 957 semel
205 918 311 966 veneunt,
323 919 388 972 atque
399 911 458 958 ultro
472 927 486 959 s
498 913 595 959 dominis
609 912 701 958 aluntur
709 929 722 975 ιΙ
735 910 787 957 Bri·

124 976 201 1021 tannis
211 977 341 1022 servitutem
352 991 415 1021 sunm
423 976 523 1036 quotidie
529 977 590 1031 emit,
599 976 699 1036 quotidie
709 975 787 1036 poscit

125 1039 168 1095 Ac,
181 1040 239 1086 sicut
252 1041 276 1086 in
287 1038 371 1086 ssmilii
386 1041 551 1087 recentissimus
562 1041 658 1100 quisque
673 1052 787 1088 servorum

124 1111 148 1149 et
159 1105 273 1151 conservis
289 1104 382 1151 ludibrio
393 1111 442 1160 est;
460 1105 499 1157 sic,
511 1105 533 1151 in
548 1105 591 1152 hoc
606 1104 666 1150 orbis
678 1110 787 1151 terrarum

124 1174 201 1215 vetere
210 1168 324 1222 famulatu,
337 1168 390 1214 novi
401 1183 442 1214 uos
453 1177 476 1214 et
486 1169 543 1215 viles
556 1170 579 1214 in
590 1168 716 1215 exscidium
730 1170 786 1231 peti

124 1247 182 1278 mur.
213 1232 295 1295 Neque
305 1233 364 1279 enim
379 1247 433 1280 arva
443 1233 513 1289 nobis,
524 1241 564 1280 out
577 1232 675 1288 metalla,
686 1239 787 1294 autpor-

124 1304 162 1343 tus
184 1305 243 1353 sunt,
266 1299 345 1358 quibus
366 1297 496 1344 exercendis
518 1312 666 1344 reservemur.
708 1296 787 1343 Virtus

124 1377 191 1423 porro
201 1377 228 1408 se
243 1361 326 1409 ferocis
343 1363 493 1424 subjectorum
509 1363 598 1424 lngrnts
612 1362 788 1423 imperantium

125 1434 149 1472 et
168 1426 319 1488 longinquitas
338 1442 364 1473 sc
381 1434 492 1473 secretum
510 1428 584 1489 ipsum
602 1441 649 1486 quo
667 1427 745 1480 tutius,
762 1440 789 1472 eo

124 1491 255 1553 suspectius.
287 1489 331 1545 Itu,
346 1490 433 1538 sublati
449 1506 488 1553 spe
505 1492 584 1547 veniae,
600 1490 692 1538 tandem
709 1490 790 1538 sumite

124 1556 231 1609 animum,
243 1561 288 1602 tum
306 1556 385 1614 quibus
401 1555 468 1611 sulus,
479 1570 545 1616 qusm
562 1556 642 1616 quibus
659 1554 739 1617 glorio,
751 1566 787 1601 ct·

124 1621 212 1666 rissimo
227 1627 270 1666 est.
300 1618 457 1675 Trinobantes,
467 1618 552 1667 femini
565 1620 628 1675 duce,
640 1634 736 1666 exurere
751 1634 788 1665 co-

124 1684 215 1737 lonium,
226 1699 355 1746 expugnare
365 1691 444 1738 castra,
456 1699 489 1739 sc,
504 1686 547 1732 nisi
563 1683 659 1731 felicitas
674 1685 699 1731 in
714 1698 788 1730 socor-

126 1749 184 1794 diam
202 1750 312 1803 vertisset,
326 1763 409 1795 exuere
420 1750 504 1811 jugum
520 1746 628 1811 potuisses
648 1764 691 1795 nes
708 1748 789 1810 integri

126 1819 150 1858 et
168 1812 276 1868 indomiti,
293 1820 316 1859 et
333 1814 457 1860 libertatem
473 1829 520 1860 non
537 1814 700 1874 inpraesentia
717 1812 789 1866 laturi,

124 1877 197 1937 primo
209 1878 283 1924 statim
294 1892 417 1939 congressu
429 1893 504 1925 nonne
518 1877 669 1933 ostendemus,
681 1892 739 1938 quos
750 1876 790 1924 sibi

126 1939 249 1988 Caledonia
259 1942 320 1988 viros
330 1942 470 2004 seposuerit?

158 2004 271 2051 XXXII.
287 2006 349 2053 “An
364 2008 465 2053 eumdem
480 2007 591 2054 Romanis
607 2007 629 2053 in
643 2007 705 2054 bello
718 2007 788 2051 virtu·

125 2077 178 2124 tem,
189 2085 256 2129 quam
270 2070 293 2115 in
309 2085 363 2131 poce
377 2071 498 2126 lascivium,
509 2073 588 2119 adesse
602 2070 710 2118 creditis?
727 2070 789 2116 Nos·

125 2135 165 2180 tris
175 2134 208 2180 illi
219 2135 389 2182 discessionibus
397 2151 423 2182 ac
431 2136 546 2183 discordiis
557 2137 619 2192 clnri,
626 2136 681 2182 vitis
691 2136 790 2182 hostium

125 2200 149 2244 in
160 2199 254 2261 glorium
271 2200 382 2246 exercitus
395 2201 429 2247 sui
443 2208 549 2259 vertunt;
566 2216 632 2261 quem
649 2206 790 2246 contractum

126 2278 155 2310 ex
166 2264 443 2327 diversissimls'gentibus,
455 2274 481 2312 ut
495 2265 600 2312 secundae
611 2281 647 2311 res
662 2271 748 2319 tenent,
760 2264 790 2309 its

125 2329 225 2375 udversae
241 2329 377 2376 dissolvent:
397 2330 439 2376 nisi
456 2331 474 2377 si
491 2331 570 2377 Gnllos
587 2335 610 2376 et
623 2330 790 2376 Gennonos‘et

126 2394 206 2456 (pudet
214 2393 286 2453 dictu)
292 2392 638 2456 Britannommplerosquelicet
645 2391 790 2439 dominationi

123 2458 205 2506 slienae
220 2459 352 2519 sanguinem
369 2459 518 2514 commodent,
534 2459 617 2505 diutius
627 2465 704 2504 tamen
715 2458 792 2502 hostes

125 2537 192 2582 quum
205 2537 288 2577 servos,
300 2522 346 2568 ilde
355 2530 379 2570 et
389 2521 470 2569 affectu
485 2524 556 2569 teneri
566 2523 663 2585 putatis:
683 2528 759 2567 metus
769 2526 792 2566 et

125 2594 197 2632 terror
213 2593 254 2641 est,
266 2585 354 2634 infirma
368 2587 459 2633 vincula
469 2588 579 2634 caritatis:
599 2602 652 2647 quse
668 2587 705 2631 ubi
718 2598 791 2631 remo·

124 2651 192 2705 veris,
204 2652 241 2711 qui
256 2652 336 2698 timere
351 2652 462 2706 desierint,
473 2652 547 2698 odisse
561 2652 676 2712 incipient.
708 2649 791 2697 Ornnis

125 2715 227 2762 victoriae
237 2716 381 2762 incitamenta
388 2731 429 2778 pro
437 2717 501 2762 nobis
510 2724 574 2763 sunt:
595 2715 663 2762 nullae
674 2713 791 2762 Romunos

126 2781 234 2840 conjuges
245 2781 382 2827 accendunt:
402 2781 457 2827 nulli
468 2788 571 2842 parentes
581 2780 660 2842 lugam
671 2780 790 2841 exproba-

117 2844 166 2889 turr'
181 2852 251 2893 sunt.-
269 2853 309 2894 sut
327 2845 389 2896 nulla
407 2845 520 2911 plerisque
529 2846 616 2911 'patric
631 2850 670 2892 out
686 2844 736 2899 ulio,
752 2849 793 2891 eut.

105 2903 204 2959 Paucos
218 2928 329 2976 numero,
349 2916 453 2985 trepidos
472 2908 803 2982 ignomutii,·coelum'xqsun
