1680 3188
123 148 173 195 ‚ns
210 146 406 211 'suusaatuu
416 145 662 199 tarvisien.
693 151 738 197 -rn

110 279 208 327 mittere
217 280 343 341 percussori
353 279 448 342 gloriam
459 279 583 326 ministerii.
617 278 651 326 At
662 287 741 325 centu·

105 345 240 404 „quamvis
257 345 371 399 inermem,
392 343 537 403 praernlidum
554 351 637 400 tamen,
657 353 680 389 et
702 344 742 390 irae

98 422 141 455 nm
152 408 230 455 timori
241 409 367 470 propiorem
379 422 480 461 cernens,
490 409 560 469 premi
567 423 581 454 a
589 408 695 454 militibus
701 409 741 469 Ju-

92 479 118 519 rt.
152 471 205 520 Nec
217 473 293 520 omisit
310 472 399 519 Silenus
415 471 485 517 obniti
502 479 525 518 et
544 473 659 518 intendere
676 473 741 527 ictus,
764 484 766 489 ·

85 544 184 598 ,uentum
195 537 298 584 manibus
309 537 373 582 nudis
384 536 478 592 valebat
496 536 568 582 donec
581 552 595 583 a
611 538 742 584 centurione

80 600 205 649 mineribus
217 602 325 657 sdversis,
336 608 448 661 tamquam
459 601 483 646 in
491 598 575 662 pugni,
587 601 682 648 caderet.
734 644 737 649 .

104 664 140 713 X.
158 665 231 712 Haud
240 666 315 712 miuus
325 674 414 727 promte
424 664 453 710 L.
463 664 544 722 Vetus,
560 680 681 726 socrusque
692 667 740 727 ejus

73 728 160 786 Sextia,
179 737 203 777 et
213 729 312 777 Pollutia
322 730 374 785 iilia,
391 744 468 776 necem
483 726 583 787 subicite}
601 730 666 776 invisi
677 731 738 794 prins

71 794 124 856 cipi,
147 803 263 856 tamquam
285 795 382 855 vivendo
404 795 568 856 exprobrarent,
586 794 738 841 ⁴interiectum

70 874 122 907 esse
141 859 272 906 Rubellium
293 857 405 913 Plautum,
427 858 622 920 genemmLucii
640 859 739 906 Veteris.

71 923 118 971 Sed
135 924 225 969 initium
236 924 368 986 detegendae
383 924 476 970 saevitiae
492 924 739 985 praebuitinterversis

70 989 162 1051 patroni
180 990 252 1043 rebus,
269 990 297 1034 nd
311 988 459 1035 accusandum
477 989 642 1050 transgrediens
654 987 736 1035 Fortu-

72 1056 141 1100 natus'
156 1053 255 1106 libertus,
272 1053 357 1099 adscito
374 1051 470 1100 Claudio
481 1051 601 1109 Demiano‚
618 1069 691 1115 quem,
709 1055 737 1100 ob

70 1115 159 1180 flagitia
171 1118 270 1164 vinctum
283 1133 296 1164 a
307 1116 399 1172 Vetere,
416 1117 479 1164 Asiae
489 1118 629 1179 proconsule,
641 1118 738 1164 exsolvit

71 1180 145 1236 Nero,
157 1181 181 1228 in
192 1183 308 1245 praemium
320 1183 475 1229 accusationis.
498 1181 567 1235 Quod
575 1183 610 1228 ubi
620 1184 736 1243 cognitum

70 1262 118 1302 rco,
130 1261 201 1307 seque
211 1255 234 1294 et
240 1247 347 1294 libertum
357 1247 405 1308 pari
413 1253 473 1294 sorte
480 1247 592 1308 componi,
604 1245 737 1293 Formianos

68 1312 94 1359 in
106 1327 176 1373 agros
187 1312 317 1373 digreditur.
350 1309 400 1358 Illic
411 1327 463 1358 eum
474 1312 556 1358 milites
564 1309 735 1358 occultbcusto-

69 1374 108 1431 nia
121 1377 267 1423 circumdant.
289 1376 387 1423 'Aderat
403 1376 454 1431 iilia,
471 1392 536 1438 super
553 1377 661 1438 ingruens
677 1376 736 1437 peri·

69 1440 155 1499 pulum,
183 1441 253 1503 longo
278 1442 355 1488 dolore
379 1449 451 1496 atrox,
479 1456 508 1488 ex
529 1456 573 1502 quo
595 1455 737 1503 percussores

71 1503 155 1561 Plauti,
173 1507 247 1552 mariti
265 1508 306 1562 sui,
325 1506 425 1553 viderat:
448 1515 607 1566 cruentamque
625 1507 736 1552 ceruicem

70 1570 121 1633 ejus
132 1571 241 1632 amplexa.
259 1571 360 1617 servabat
377 1571 509 1632 sanguinem
522 1578 544 1617 et
555 1579 630 1617 vestes
646 1586 735 1631 resper-

69 1650 122 1692 ως
139 1635 213 1689 uidua,
224 1637 322 1697 implexa
331 1636 393 1681 luctu
400 1636 516 1688 continuo,
526 1649 568 1680 nec
579 1635 630 1680 ullis
640 1636 734 1681 alimen·

68 1699 107 1755 tis,
119 1700 163 1746 nisi
174 1714 225 1760 quae
236 1710 332 1746 mortem
343 1708 452 1746 arcerent.
475 1698 543 1749 Tum.
552 1700 655 1745 hortante
662 1706 735 1760 petre,

68 1762 185 1827 ¹Nenpolin
196 1766 276 1825 pergit.
307 1763 347 1818 Et,
359 1766 409 1824 quia
421 1763 481 1810 aditu
494 1762 593 1809 Neronis
604 1764 733 1824 prohibebe-

69 1824 114 1882 tur,
132 1843 237 1889 egressus
248 1828 358 1879 obsidens,
375 1827 461 1873 audiret
471 1827 591 1881 insontem,
608 1843 667 1874 neve
677 1844 733 1874 con·

70 1893 158 1940 sulatils
169 1893 203 1938 sui
214 1892 325 1952 quondam
337 1891 447 1954 collegam
459 1891 549 1938 dederet
563 1892 648 1944 liberto,
665 1893 733 1940 modo

68 1955 172 2003 muliebri
182 1957 272 2018 ejulatu,
289 1956 413 2017 aliquando,
431 1971 509 2003 sexum
521 1972 617 2017 egressa,
629 1973 685 2003 voce
696 1958 732 2003 in·

68 2019 142 2076 sensi,
158 2021 291 2077 clamitabat,
304 2021 375 2067 donec
387 2022 488 2082 princeps
499 2020 634 2067 immobilem
646 2036 670 2067 se
680 2036 732 2083 pre·¹

68 2086 138 2139 cibus,
150 2086 247 2139 invidiae,
254 2087 320 2147 juxta
331 2085 434 2132 ostendit.

103 2148 150 2196 XI.
168 2149 233 2211 Ergo
244 2152 332 2197 nuntiat
342 2150 405 2210 patri,
423 2150 517 2209 abjicere
527 2163 597 2208 spem,
614 2155 637 2195 et
648 2150 681 2197 uti
691 2164 731 2198 ne·

68 2214 170 2261 cessinte.
203 2214 276 2260 Simul
286 2212 383 2267 affertur,
394 2214 465 2275 parari
474 2214 625 2275 cognitionem
634 2214 732 2270 senatus.

68 2288 93 2326 et
107 2286 194 2325 tmcem
206 2280 346 2325 sententiam.
378 2277 429 2326 Noc
440 2275 536 2330 deiutire,
553 2279 590 2337 qui
606 2287 731 2335 monerent,

68 2342 155 2405 magni
165 2357 194 2389 ex
204 2355 267 2404 parte
277 2343 388 2390 haeredem
397 2341 510 2391 Caesarem
519 2358 653 2404 nuncupare,
664 2350 733 2404 atque

68 2408 101 2455 ita
112 2407 229 2468 nepotibus
236 2408 263 2454 de
271 2408 355 2468 reliquo
364 2408 493 2454 consulere:
512 2408 572 2467 quod
579 2409 730 2468 adspernatus.

68 2486 99 2518 ne
109 2472 185 2526 vitam,
201 2472 303 2533 proxime
316 2472 439 2519 libertatem
453 2479 532 2524 actam,
549 2473 672 2518 novissimo
683 2486 730 2518 ser·

67 2535 124 2583 uitio
134 2535 236 2590 foedaret
253 2536 346 2598 largitur
357 2537 379 2581 in
391 2552 474 2591 servos,
486 2543 593 2596 quantum
604 2536 680 2583 aderat
690 2553 730 2598 pe·

64 2599 155 2647 cuniae:
174 2608 203 2654 et,
223 2601 242 2647 si
261 2616 305 2663 qua
321 2602 428 2664 asportari
443 2609 542 2666 possent
560 2601 603 2648 sibi
619 2616 730 2665 quemque

56 2662 176 2720 adurere,
197 2671 246 2717 tter
263 2667 335 2719 modo
354 2669 456 2721 lectulos
472 2669 503 2725 ,td
521 2682 631 2736 suprema
644 2666 741 2717 return
