1680 3188
72 139 172 185 J.c.66.
216 133 654 186 ANNALIUML11.XV.cu.rs.
698 138 744 184 13⁵

75 270 190 328 admtia3
207 284 261 331 qum
278 276 373 330 utraque
386 268 481 330 gloriam
493 270 541 330 ejus
551 264 642 314 auxere.
673 264 744 313 Pelli-

76 344 115 382 tur
125 343 150 383 et
163 334 248 383 Rufina
264 333 389 396 Crispinus,
401 334 519 380 occasione
527 332 693 394 conjurationis,
705 331 744 378 sed

77 400 167 448 Neroni
186 401 281 454 inrisus,
298 400 358 460 quod
370 398 491 461 Poppeam
503 399 615 460 quondam
626 397 743 443 matrimo-

77 467 117 512 nio
135 472 248 512 tenuerat.
279 463 415 526 Verginium
435 462 540 510 Flaccum
563 469 587 509 et
609 462 743 509 Musonium

78 529 167 578 Rufum
186 529 296 576 claritudo
313 529 410 575 nominis
421 530 513 589 expulit.
547 527 608 574 Nam
619 526 744 588 Verginius

78 595 272 659 studiajuvenum
289 591 421 654 eloquentia,
440 593 563 640 Musonius
578 593 696 655 praeceptis
708 607 753 641 tar

76 661 177 722 pientiae,
188 659 285 706 fovebat
320 657 455 707 Cluvidieno
473 656 564 712 Quieto,
583 656 646 705 Julio
657 657 743 719 Agrip-

78 740 119 786 pae,
140 723 213 772 Blitio
226 723 339 779 Catulino,
358 722 466 770 Petronio
478 721 564 776 Prisco,
582 720 645 770 Julio
655 721 743 776 Altino,

77 790 176 836 velutin
196 804 278 851 agmen
296 795 461 841 clanmorem,
480 788 559 848 AEgaei
577 787 646 833 maris
663 786 743 832 insulae

77 855 259 916 permittuntur>
279 853 313 900 At
324 852 422 908 Codicia,
442 867 500 898 uxor
511 853 607 906 Scevini,
626 858 649 897 et
661 848 742 898 Caeso-

78 919 130 966 nius
150 918 276 974 Maximus,
302 916 369 964 Italia
387 919 537 980 prohibentur,
556 933 606 964 reos
625 915 694 962 fuisse
711 931 743 970 se,

78 990 167 1030 tantum
186 981 255 1045 poeni
273 983 365 1046 experti.
399 982 475 1038 milla,
498 989 569 1028 mater
588 980 670 1028 Annaei
691 980 741 1027 Lu·

77 1048 136 1104 cani,
147 1048 198 1094 aine
209 1048 354 1102 absolutione,
366 1048 414 1094 sine
425 1047 538 1110 supplicio,
550 1044 695 1093 dissimulata.

110 1110 223 1160 LXXII.
239 1112 328 1167 Quibus
346 1113 483 1174 perpetratis,
502 1110 572 1167 Nero,
588 1118 611 1158 et
633 1111 743 1157 concione

77 1177 176 1224 militum
188 1176 270 1232 habiat,
283 1178 336 1224 bina
353 1177 470 1223 nummum
488 1176 558 1222 millia
574 1175 657 1222 viritim
668 1175 741 1221 mani-

77 1243 192 1305 pularibus
213 1241 296 1296 divisit,
315 1242 420 1302 additque
441 1243 489 1288 sine
507 1241 580 1303 pretio
596 1239 741 1294 frumentum,

77 1315 188 1369 quoante
208 1322 237 1354 ex
255 1308 323 1354 modo
334 1321 430 1353 annonae
440 1306 565 1353 utebantur.
598 1304 666 1357 Tum.
678 1305 741 1365 quari

76 1378 146 1434 gesta
155 1372 215 1419 bello
223 1373 371 1434 expositurus,
380 1378 446 1418 vocat
457 1377 566 1426 senatum,
576 1377 598 1416 et
610 1369 743 1431 triumphale

78 1437 149 1484 decus
160 1435 270 1484 Petronio
281 1436 412 1498 Turpiliano
431 1436 551 1493 consulari,
571 1433 668 1483 Cocceio
679 1433 742 1480 Ner-

77 1517 116 1548 vae
132 1501 226 1564 praetori
244 1502 368 1563 designato,
386 1500 501 1563 Tigellino
516 1499 624 1563 praefecto
643 1499 742 1562 praetorii

77 1567 158 1613 tribuit
164 1583 174 1624 ς
186 1565 325 1628 Tigellinum
335 1572 359 1613 et
369 1565 471 1613 Nervam
482 1568 513 1612 ita
524 1565 641 1619 extollens,
660 1573 691 1618 ut,
703 1579 741 1610 au·

77 1646 119 1693 per
135 1631 281 1693 triumphales
299 1633 322 1678 in
344 1631 393 1677 foro
412 1632 532 1693 imagines,
551 1631 608 1693 apud
628 1628 740 1676 Palatium

77 1711 170 1758 quoque
187 1696 274 1758 effigies
292 1711 370 1744 eorum
389 1697 490 1742 sisteret:
510 1695 635 1743 consularia
645 1694 742 1756 insignia

77 1759 235 1823 Nymphidi03
253 1761 345 1822 dequo,
360 1761 413 1821 quia
421 1776 481 1807 nuno
491 1761 588 1822 primum
601 1760 686 1806 oblatus
698 1765 740 1813 est,

76 1840 150 1888 pauca
160 1833 274 1887 repetam:
294 1840 346 1872 nam
360 1833 384 1872 et
398 1827 447 1888 ipse
461 1840 511 1887 pars
527 1825 680 1872 Romanarum
693 1823 741 1870 ola·

77 1890 142 1937 (lium
153 1891 202 1937 erit.
236 1888 311 1952 Igitur
322 1899 394 1938 matre
403 1889 508 1937 liberunt
518 1898 587 1944 onus,
598 1904 649 1950 quae
660 1902 741 1950 corpus

77 1955 187 2002 decorum
197 1955 257 2001 inter
274 1970 351 2002 servos
366 1956 501 2017 libertosque
517 1956 641 2016 principum
660 1953 741 2014 vulga·

76 2026 150 2075 verat,
168 2033 198 2066 ex
216 2015 243 2068 O.
260 2019 352 2068 Caesare
366 2035 391 2066 se
407 2023 509 2082 genitum
527 2019 618 2071 ferebat,
636 2018 741 2077 quoniam

76 2083 138 2130 forte
149 2082 244 2145 quidam
257 2086 332 2131 habitu
348 2100 454 2147 procerus
472 2091 495 2130 et
512 2091 578 2129 torvo
594 2082 658 2128 vultu
677 2088 741 2138 erat;

77 2149 128 2196 aive
140 2146 169 2196 C.
178 2146 262 2204 caesar,
275 2158 398 2196 scortorum
407 2164 495 2210 quoque
506 2148 604 2210 cupiens,
612 2147 680 2192 etiam
691 2161 741 2193 ma·

77 2213 108 2260 tri
119 2213 168 2274 ejus
179 2213 256 2260 illusit

111 2275 236 2323 LXXIII.
252 2279 296 2324 Sed
308 2277 378 2331 Nero,
397 2286 478 2324 vocato
489 2285 574 2325 senatu.
595 2275 695 2322 oratione
706 2275 741 2321 in-

77 2348 114 2388 ter
133 2349 208 2403 patrea
224 2343 303 2396 habiti,
324 2343 420 2389 edictum
439 2344 497 2404 apud
508 2342 614 2405 populum
626 2349 649 2386 et
660 2339 741 2387 collata

76 2406 103 2452 in
124 2407 193 2452 libros
214 2407 295 2453 indicia
313 2407 508 2468 confessionesque
526 2407 681 2453 damnatorum
701 2404 740 2452 ad·

71 2471 159 2533 junxit.
197 2469 289 2517 Etenim
309 2471 386 2518 crebro
404 2472 466 2534 vulgi
486 2486 575 2518 rumore
596 2471 741 2526 lacerabatur,

76 2543 193 2596 tamquam
205 2536 264 2583 viros
275 2537 375 2582 insontes
391 2537 419 2582 ob
429 2537 534 2583 invidiam
548 2543 587 2582 aut
597 2541 683 2581 metum
699 2550 740 2580 ex-

71 2601 194 2652 siluisset,
230 2596 348 2648 Caet'ernm
367 2615 466 2667 emptam
484 2600 751 2665 adultamqueetreu'xa·

60 2665 110 2705 tam
125 2664 316 2725 conjurationem,
341 2685 420 2734 neque
438 2679 498 2722 tuno
518 2666 668 2726 canturire«
681 2665 772 2730 ssim*
