1680 3188
61 132 115 175 hc.
124 132 158 183 69·
231 131 283 180 Lm.
291 130 362 180 xvi.
371 129 567 180 ANNALIUM.
677 131 722 180 17⁷

59 259 195 320 puniendus.
227 262 300 308 Galba
314 276 368 308 vero
385 261 409 307 in
422 261 538 322 imperium
554 259 656 316 adscitus,
674 275 721 308 non

62 325 123 383 quod
140 327 225 379 melior,
243 327 282 371 sed
299 328 349 386 quia
367 325 453 372 Neroni
470 327 553 372 iratior.
585 323 645 370 Tum
659 326 722 372 missi

58 389 154 447 equites,
170 390 208 449 qui
222 389 342 452 fugitivum
357 389 472 436 Neronem
487 390 515 435 ad
529 389 635 450 supplicia
645 390 722 436 vivum

61 453 205 499 attraherent.

85 515 140 578 [At
151 517 171 562 is
182 533 221 578 per
231 517 366 570 diverticula,
374 516 477 563 fruticeta
486 517 578 562 interae
586 531 669 578 vepres,
682 531 721 562 oo·

61 579 123 625 culto
134 580 222 627 effossae
235 596 335 627 cavernae
350 582 448 634 introitu,
462 581 486 626 in
498 579 605 626 Phaontis
615 581 721 626 suburba-

62 656 116 688 num
133 659 195 706 aegre
210 646 334 705 irrepserat.
371 645 434 690 Nihil
450 646 479 690 ibi
495 645 594 704 pristinae
608 644 721 705 dignitatis

62 716 152 753 manet:
171 709 219 754 sola
229 710 338 754 inhaerent
349 710 408 762 vitia,
420 723 480 767 quae,
495 715 520 752 ut
529 709 604 762 vitam,
616 709 648 754 sic
658 723 720 753 mor-

62 777 114 824 tem,
131 771 274 818 infamavdre.
307 771 402 832 Corpus,
419 773 546 818 deliciarum
563 787 603 817 usu
618 771 719 828 fractum,

62 833 195 889 levamenta,
212 851 262 895 quae
279 836 343 882 offert
356 837 399 882 loci
413 836 506 887 nuditas,
523 843 562 881 aut
576 835 665 895 refugit,
682 843 721 882 aut

63 900 216 946 miserabiliter
224 901 310 946 tolerat.
327 899 719 957 Animonihilfixum,nihilfirmum;

63 963 160 1024 impetus
176 971 268 1019 tantum,
286 973 309 1009 et
326 964 413 1010 scenica
427 964 513 1008 levitas.
546 961 677 1017 comitibus,
696 971 722 1010 ut

63 1041 129 1087 quam
144 1029 240 1088 primum
253 1043 277 1074 se
290 1028 425 1088 impendenti
438 1026 578 1073 contumelia
594 1028 671 1088 eripiat
685 1028 720 1073 in-

64 1092 179 1146 stantibus,
195 1094 286 1138 annuit:
308 1092 347 1137 sed
359 1093 457 1137 scrobem
467 1089 514 1136 fieri
525 1091 631 1150 imperat:
650 1090 722 1138 frusta

64 1157 188 1210 marmoris,
205 1171 291 1216 aquarn,
308 1156 375 1216 ligna,
393 1163 518 1213 caeteraque
531 1153 634 1200 funerum
652 1163 721 1215 parat,

64 1217 123 1265 flens
134 1221 162 1265 ad
173 1221 275 1281 singula;
292 1227 357 1279 atque
367 1219 486 1264 identidem
498 1218 606 1273 dictitans,
619 1217 722 1273 “Qualis

64 1283 144 1329 artifex
154 1299 221 1344 pereo
229 1283 253 1330 !”

96 1346 161 1410 [Has
176 1349 234 1394 inter
248 1364 320 1396 moras
333 1349 429 1411 perlatos
440 1364 453 1394 a
464 1347 572 1394 Phaontis
582 1362 672 1394 cursore
682 1362 721 1394 co·

62 1411 150 1457 diciiios
160 1413 238 1458 avidus
248 1415 345 1474 praeripit
351 1431 359 1470 ;
376 1416 478 1472 lectoque
489 1428 512 1459 se
523 1414 609 1458 hostem
620 1427 633 1457 a
644 1420 722 1458 senatu

60 1475 191 1536 judicatum,
207 1484 230 1522 et
244 1479 320 1537 quaeri,
336 1486 361 1523 ut
374 1493 436 1523 more
446 1479 554 1539 majorum
565 1476 674 1537 puniatur,
685 1477 722 1521 in·

62 1545 163 1601 terrogat
177 1541 242 1600 quale
256 1542 279 1586 id
291 1557 363 1601 genus
377 1544 406 1587 sit
419 1555 500 1602 poenae.
533 1539 654 1600 Comperto
669 1539 723 1586 nudi

64 1602 161 1649 hominis
175 1605 284 1651 cervicem
298 1607 365 1652 inseri
379 1605 455 1659 furcae,
469 1619 549 1666 corpus
563 1604 632 1666 virgis
643 1604 670 1650 ad
682 1618 722 1651 ne·

63 1681 112 1712 cern
132 1668 195 1722 oaedi,
214 1670 346 1715 conterritus
365 1671 421 1716 duos
438 1671 554 1730 pugiones,
572 1683 630 1728 quos
647 1681 722 1713 seeum

63 1731 151 1786 tulerat,
173 1734 263 1794 arripitr
288 1735 402 1794 utriusque
420 1734 467 1778 acie
484 1730 624 1794 praetentari,
646 1744 722 1778 rursus

63 1795 146 1850 condit,
158 1805 261 1842 causatus
270 1798 367 1843 nondum
375 1799 452 1844 adesse
459 1796 548 1844 fatalem
555 1798 640 1842 horam.
664 1795 712 1842 Sub
722 1824 725 1833 .

64 1857 116 1905 inde
127 1860 195 1906 modo
205 1861 302 1922 Sporum
313 1862 405 1918 hortari,
419 1869 445 1908 ut
455 1861 571 1907 lamentari
581 1875 606 1907 ao
618 1859 724 1922 plangere

66 1921 185 1984 inciperet:
205 1926 272 1970 modo
283 1940 352 1981 orare,
364 1933 393 1972 -ut
407 1941 432 1972 se
445 1925 524 1985 aliquis
537 1925 565 1970 ad
579 1931 674 1970 mortem
685 1937 723 1969 oa·

65 1988 198 2048 posseisdem
220 1989 322 2098 exemplo
340 1992 443 2051 juvaret:
471 1989 582 2034 interdum
605 1987 724 2048 segnitiem

65 2065 129 2098 suam
140 2052 259 2114 increpare.
298 2055 391 2100 senibus
400 2053 473 2099 verbis
481 2053 547 2099 robur
555 2051 633 2096 indidit
640 2051 724 2097 adven·

64 2116 160 2162 undum
172 2117 271 2176 equitum
282 2120 374 2164 sonitus.
401 2116 476 2174 Tunc,
487 2115 632 2177 ignominiam
643 2115 724 2160 exhor-

66 2193 164 2233 rescens,
177 2179 299 2227 Homerico
308 2196 373 2228 versu
383 2181 518 2242 trepidanter
528 2179 626 2233 recitato,
634 2177 725 2234 ferrum,

63 2242 158 2304 juvante
175 2243 334 2307 Epaphrodito,
348 2247 430 2307 jugulo
448 2245 533 2306 adigit;
555 2243 616 2303 prius
633 2243 727 2288 comites

67 2316 176 2368 precatus,
188 2323 217 2354 ne
226 2316 325 2369 potestas
335 2310 436 2369 cuiquam
448 2309 525 2370 capitis
533 2306 566 2353 sui
574 2305 643 2356 fleret
655 2305 694 2351 sed
702 2313 728 2352 ut

66 2371 225 2430 quoquomodo
236 2379 296 2419 totus
306 2381 447 2420 cremaretur.
475 2370 615 2426 Centurioni,
626 2369 663 2428 qui
673 2382 726 2415 mox

68 2433 159 2490 adstitit,
175 2442 204 2490 et,
218 2434 308 2497 paenuld
321 2438 349 2483 ad
363 2437 444 2483 vulnus
460 2433 565 2498 appositi,
580 2435 604 2480 in
620 2432 727 2479 auxilium

69 2512 94 2544 se
110 2500 197 2548 venisse
213 2499 335 2554 simulabat,
352 2501 486 2547 semianimis
502 2499 622 2560 respondit,
639 2502 653 2525 ‘⁴
663 2495 727 2542 Sero.

70 2558 131 2607 Haec
142 2569 176 2608 est
185 2561 240 2610 tides
248 2561 272 2611 !’¹
291 2561 320 2611 In
328 2563 532 2620 hacuocedeiecit,
539 2561 733 2610 emtautibnamx·

63 2638 137 2684 '⁶9⁰⁶
154 2627 283 2691 rigentibus
304 2632 387 2693 oculis,
403 2633 481 2698 primo
499 2635 528 2680 et
538 2625 664 2692 timeam
677 2617 760 2666 essse
