1680 3188
53 114 156 161 J.0.dt.
185 109 647 166 ANNALIUMLrsxrv.crsno.
696 113 728 162 ts

52 247 175 310 proximus
193 245 289 308 quisque
305 244 423 308 possessor
443 246 580 303 invaserant,
597 239 728 305 diuu’nffllue

53 311 148 360 licentii
166 318 191 359 et
207 307 295 374 injurii,
313 311 377 372 quasi
391 312 444 375 jure
459 316 483 358 et
499 327 573 373 atquc,
590 310 728 359 nitebantur.

54 375 132 440 Igitur
142 377 274 440 abjudicatis
285 378 352 438 agris,
371 383 421 425 orta
435 377 650 440 adverstujudiccm
666 374 738 422 invi·‘

54 442 104 490 dia:
124 448 149 489 et
160 448 259 496 senatus,
271 443 350 504 ignota
361 442 402 489 sibi
418 457 469 490 esse
479 442 586 490 mandnta
594 439 691 495 curui,
702 444 727 486 et

55 507 222 555 consulendum
236 507 370 570 principem,
389 508 512 570 respondit.
543 505 617 562 Nero,
633 502 729 569 probata

56 573 176 620 Strabonis
187 570 308 630 sententia,
326 588 351 620 se
361 573 506 620 nihilominus
517 573 637 620 subvenire
652 570 728 626 sceda.

54 645 78 685 et
88 645 197 699 usurpata
207 637 338 693 conoedere,
350 639 445 700 scripsit.

87 701 165 750 XIX.
183 702 314 764 Sequuntur
326 703 427 750 virorum
436 703 558 750 illustrium
569 707 661 756 mortes,
673 700 727 749 Do·

55 768 113 815 mitii
131 768 185 814 Afri
202 774 225 815 et
243 767 381 822 M.Servilii‚
398 769 437 830 qui
456 768 552 815 summis
565 766 688 815 toronum
703 772 729 812 et

54 829 400 894 multdeloqnentiiviguerant.
433 831 476 878 Ilte
483 833 568 880 orando
575 830 727 887 causanScrs

54 899 122 946 vilius
133 898 173 944 din
183 897 241 953 foro,
252 895 308 944 mox
324 896 438 943 tradendis
455 897 524 948 rebus
537 895 650 945 Romanis
663 896 725 944 cele·

54 963 106 1019 bris,
124 971 149 1010 et
165 959 280 1025 elegantid
293 961 365 1018 vitre3
382 975 450 1022 quam
467 961 585 1008 clariorem
601 961 685 1020 effecit,
700 966 728 1008 ut

55 1029 208 1091 peringenio.
220 1028 350 1084 itamorum
360 1027 469 1074 diversus.
654 1064 657 1069 .

87 1091 150 1140 XX.
158 1091 254 1141 Nerone
259 1099 371 1152 quartum,
377 1089 485 1140 Cornelio
490 1088 565 1139 Cosso
598 1121 624 1170 U
635 1121 657 1172 c
671 1125 720 1170 814

57 1155 137 1214 con„
144 1157 311 1220 quinquennale
316 1157 427 1204 ludicrum
436 1156 520 1204 Romre
527 1157 564 1202 in·
607 1155 630 1236 J·
638 1157 664 1238 c·
672 1191 701 1237 61
720 1156 728 1171 ⁸

57 1225 163 1273 stitutum
181 1231 223 1277 est
243 1223 271 1269 ad
290 1237 376 1270 morem
395 1222 473 1270 Groeci
491 1227 564 1269 certa»
625 1221 631 1236 '
660 1221 667 1235 ⁸
705 1221 713 1236 ⁶

56 1289 141 1347 minis3
159 1286 224 1336 varii
240 1286 309 1346 sarni,
327 1294 353 1335 ut
371 1294 454 1334 cuncta
467 1286 539 1334 ferme
554 1300 626 1333 nova:
646 1287 729 1350 quippe
762 1318 764 1322 -

58 1361 131 1414 erant,
142 1355 181 1416 qui
194 1351 239 1402 Cn.
248 1368 337 1415 quoque
347 1352 482 1416 Pompeium
489 1352 618 1398 incusatum
627 1366 642 1398 a
651 1352 728 1399 senio-

58 1419 120 1467 nims
136 1418 229 1475 serrant,
247 1420 308 1480 quod
326 1433 454 1466 mansuram
472 1417 553 1464 theatri
567 1417 643 1464 sedern
659 1431 730 1479 posu·

56 1485 126 1533 naec:
147 1499 200 1533 nam
211 1490 277 1532 antea
285 1485 397 1533 subitariis
405 1484 512 1546 gradibus
523 1490 545 1530 et
557 1480 624 1529 sceni
634 1483 658 1529 in
670 1489 729 1533 tem·

56 1565 101 1614 pus
111 1548 199 1598 structi
213 1549 280 1597 ludos
293 1550 329 1597 edi
347 1550 441 1597 solitos:
460 1549 506 1606 vel,
522 1549 541 1595 si
556 1549 681 1596 comdiort
691 1563 728 1595 re-
748 1566 751 1582 ¹

57 1623 128 1680 petas,
140 1621 239 1664 stantem
249 1615 358 1678 populum
365 1615 510 1677 spectnnme,
519 1614 586 1670 nesi
594 1614 729 1670 consideret,

58 1681 148 1729 theatro
159 1681 207 1728 dies
218 1687 280 1728 totos
294 1679 385 1743 ignatii
399 1680 548 1727 continuaret.
582 1677 729 1742 Spectaculo-

59 1760 111 1794 rum
121 1745 213 1808 quidem
233 1747 354 1807 antiquitas
365 1753 500 1800 meretur,
514 1744 603 1806 quoties
621 1751 731 1807 praetorcs

59 1811 158 1868 ederent,
177 1809 240 1858 nulli
257 1812 361 1873 cuiquam
375 1811 459 1858 civium
473 1817 608 1857 neceantate
623 1809 730 1856 certandi.

60 1874 180 1926 Ceterum
192 1876 289 1924 abolitos
304 1876 412 1938 paulatim
426 1876 512 1937 patrios
528 1890 609 1929 mores,
628 1873 732 1922 funditus

60 1943 133 1988 everti
143 1956 184 2004 per
194 1942 289 1988 accitam
304 1941 426 1995 lasciviam,
447 1947 478 1995 ut
496 1941 556 2000 qnod
573 1954 667 2000 usquam
679 1955 731 1986 cor·
773 1934 778 1943 ’

60 2007 136 2069 rumpi
147 2014 171 2053 et
181 2002 325 2067 co'rrumpere
335 2013 410 2066 queat,
425 2006 450 2051 in
461 2005 516 2051 urbe
525 2005 621 2060 visatur,
631 2004 731 2066 degene-

61 2079 142 2133 retque
153 2072 234 2118 studiis
245 2071 345 2118 externis
356 2072 474 2132 juventus,
485 2070 604 2132 gymnasia
615 2077 638 2115 et
650 2069 697 2115 otia
707 2075 731 2116 et

62 2145 141 2199 turpes
157 2128 246 2183 amodes
257 2137 390 2190 exercendo,
401 2135 501 2196 principe
512 2142 536 2180 et
544 2141 623 2181 senmu
634 2135 733 2181 auctori·

62 2201 120 2259 bus;
138 2203 177 2262 qui
193 2216 240 2247 non
251 2202 320 2248 modo
336 2201 449 2247 licentiam
459 2200 521 2247 vitiis
531 2199 680 2261 permiserint,
692 2199 732 2246 sed

63 2267 110 2313 vim
125 2265 262 2314 adhibeant:
279 2281 384 2330 proceres
395 2265 502 2319 Romani,
520 2265 594 2327 specie
604 2265 732 2311 orationum

63 2339 86 2378 et
98 2333 232 2386 carminum,
249 2330 318 2378 scend
327 2331 469 2392 polluantur:
489 2331 543 2390 qnid
555 2343 677 2391 superesse,
689 2329 733 2376 nisi

64 2405 90 2442 ut
101 2397 197 2459 corpori
207 2412 297 2458 quoque
308 2397 399 2450 nudent,
416 2405 440 2441 et
451 2404 533 2442 caestus
543 2401 666 2449 assumant,
682 2409 733 2441 eas·

64 2476 110 2522 que
126 2476 217 2524 pugnas
230 2477 272 2523 pro
287 2459 367 2507 militia
385 2466 408 2507 et
423 2461 491 2507 armis
507 2457 660 2506 meditentur?
693 2458 733 2506 An

60 2527 175 2590 justitiam
193 2527 289 2589 augurii,
304 2535 328 2573 et
338 2527 440 2572 decurias
450 2527 551 2587 equitum
563 2524 681 2586 egregium
694 2525 733 2588 in·

63 2591 151 2638 dicandi
168 2605 252 2639 munus
262 2591 403 2656 expleturos,
414 2593 434 2642 si
448 2591 538 2642 tractos
547 2605 622 2640 sonos
630 2596 658 2638 et
666 2589 748 2636 duise-

52 2654 130 2703 dr'rcm
143 2671 227 2706 vocum
237 2660 315 2726 perite
328 2659 473 2714 audissent?
506 2660 608 2712 Noctes
617 2653 772 2722 queque&-
