1680 3188
135 458 168 542 rb
199 486 391 540 eruturum
402 489 648 542 uerrucam.
681 495 799 546 unm

134 640 167 682 se,
179 625 325 685 quincuncte
335 621 430 669 infelicis
439 623 518 669 domis
529 623 588 670 mals
596 623 734 685 patelierent,
746 640 796 672 suoe

133 688 242 752 inprimis
253 688 345 749 nuptie,
362 702 427 733 suum
440 687 578 735 veneficium.
612 687 723 748 Idsolum
741 688 795 736 Diis

134 761 158 802 et
176 753 216 800 sibi
230 753 353 813 provisum,
373 753 435 812 quod
447 753 532 798 vireret
550 753 675 815 privignus.
707 753 795 824 ituram

134 833 186 864 cum
200 817 239 863 illo
250 817 274 863 in
285 823 364 862 castre
398 816 521 871 Audiretur
536 818 587 864 hinc
600 819 729 864 Germanici
741 818 793 874 filia,

132 883 186 930 iude
202 882 253 928 vilis
270 897 346 928 rursus
363 881 450 927 Burrus
467 891 490 928 et
509 883 572 929 exsul
595 883 695 940 Seneca;
712 883 794 930 trunci

134 948 219 995 scilicet
230 962 305 998 manu,
320 955 344 992 et
358 945 492 1006 professoriri
502 946 585 1008 lingui,
600 949 690 1009 generis
701 950 794 994 humani

135 1012 236 1074 regimen
258 1012 433 1073 expostulantes.
473 1012 545 1058 Simul
568 1013 684 1067 intendere
705 1029 792 1069 monus,

132 1090 242 1139 aggerere
263 1078 350 1138 probra,
368 1085 522 1124 consecratum
543 1075 670 1134 Claudium,
693 1077 794 1126 infernos

133 1141 261 1189 Silanorum
273 1156 351 1188 menes
360 1141 471 1196 invocare,
483 1150 506 1188 et
514 1149 548 1188 tot
556 1143 616 1188 irritu
626 1143 732 1189 facinora.

166 1206 223 1252 XV.
240 1205 353 1253 Turbatus
371 1207 406 1252 his
424 1206 494 1259 Nero,
508 1215 531 1254 et
546 1209 670 1268 propinquo
686 1208 728 1262 die,
746 1223 793 1269 quo

133 1277 236 1333 quartum
254 1271 364 1317 decimum
378 1272 450 1318 aetatis
462 1287 544 1319 annum
556 1271 699 1318 Britannicus
713 1274 791 1334 exple·

131 1337 177 1389 but,
188 1336 289 1383 volutare
304 1352 386 1390 secum,
402 1338 469 1398 modo
480 1338 557 1384 matris
570 1337 706 1392 violentiam,
723 1338 793 1385 modo

133 1401 203 1462 ipsius
222 1402 332 1467 indolem,
364 1403 408 1448 levi
430 1403 518 1462 quidem
540 1403 693 1464 expcrirnento
719 1417 793 1464 nuper

132 1466 253 1528 cognitam,
265 1482 310 1526 quo
318 1476 392 1514 tamen
402 1467 503 1514 favorem
514 1469 558 1514 lnte
569 1469 717 1526 quaesivisset.
734 1466 792 1515 Fes-

132 1531 162 1578 tis
174 1531 271 1578 Saturno
283 1532 365 1586 diebus,
386 1533 444 1579 inter
454 1533 498 1580 ulie
508 1531 624 1594 aequnlium
635 1532 726 1585 ludicro,
738 1548 791 1594 reg·

131 1611 187 1643 num
212 1596 263 1644 lusu
285 1597 432 1652 sortientium,
451 1605 557 1645 evenerat
579 1612 605 1643 en
626 1612 675 1643 sors
694 1596 809 1644 Neronia

131 1659 209 1724 Igitur
227 1663 315 1709 caeteris
332 1663 424 1716 diversa,
445 1678 486 1708 nec
503 1664 605 1709 ruborem
622 1660 730 1710 allatura:
753 1662 791 1708 ubi

130 1725 264 1773 Britannico
270 1727 344 1787 jussit,
363 1734 501 1789 exsurgeret,
517 1741 693 1788 progressusque
704 1726 727 1771 in
741 1741 791 1773 me-

131 1791 199 1845 dinm,
215 1800 306 1837 cantum
317 1791 412 1850 aliquem
427 1792 541 1853 inciperet,
559 1791 647 1838 irrisum
659 1806 688 1836 cx
699 1807 727 1837 eo
739 1806 791 1852 spe·

130 1869 183 1901 rans
199 1856 268 1915 pueri,
288 1856 373 1902 sobrios
383 1871 471 1918 quoque
486 1856 609 1909 convictus,
621 1855 704 1902 nedum
715 1862 790 1904 temu-

129 1915 211 1973 le'ntos,
226 1920 365 1980 ignorantis3
382 1923 420 1966 ille
435 1928 563 1966 constanter
578 1935 672 1966 exorsus
688 1927 724 1967 est
740 1935 791 1968 cer·

128 1998 189 2037 men,
207 1999 258 2043 quo,
273 1985 388 2030 evolutum
400 2000 450 2031 eum
462 1984 515 2030 sede
524 1982 596 2045 patrii
606 1985 715 2045 rebusque
726 2000 790 2032 rum·

129 2049 173 2094 mis
192 2046 363 2109 significabatur.
398 2048 467 2095 Unde
484 2057 534 2094 ortu
552 2050 666 2096 miseratio
682 2050 790 2098 manifes-

129 2114 179 2167 tior,
199 2113 249 2173 quin
261 2113 459 2160 dissimulationem
476 2128 522 2159 nox
533 2121 556 2160 et
566 2114 657 2160 lascivis
667 2121 790 2164 exemerat.

128 2176 200 2231 Nero,
221 2175 336 2223 intellecti
354 2177 444 2232 invidiis,
461 2179 535 2225 odium
558 2179 666 2225 intendit:
686 2180 789 2242 urgenti·

127 2243 213 2302 busque
225 2242 357 2304 Agrippinae
367 2243 441 2297 minis,
454 2244 504 2304 quia
515 2243 601 2288 nullum
612 2244 703 2298 crimen,
715 2260 790 2306 neque

123 2308 203 2369 jubere
220 2307 303 2353 caedem
319 2307 394 2354 fratris
410 2308 484 2369 palam
504 2309 603 2362 audebat,
623 2309 711 2355 occulta
721 2310 790 2357 moli-

127 2380 177 2418 tur:
196 2373 311 2432 pararique
320 2387 430 2418 venenum
435 2373 507 2433 jubet,
519 2373 621 2418 ministro
633 2371 738 2420 Pollione
743 2373 797 2423 Ju·'

126 2437 163 2490 lio,
176 2437 286 2498 praetorioe
297 2437 396 2483 cohortis
407 2438 504 2493 tribuno,
516 2438 579 2498 cujus
590 2437 642 2484 curi
654 2439 790 2487 attinebatur

126 2502 230 2548 damnate
240 2500 340 2547 veneficii
357 2503 449 2548 nomine
464 2501 570 2555 Locusta,
590 2501 660 2550 multi
677 2505 789 2551 scelerum

126 2563 192 2612 fami,
225 2566 292 2621 Nem,
305 2573 330 2612 ut
340 2568 456 2628 proximus
466 2569 560 2626 quisque
571 2566 702 2614 Britannico
714 2584 789 2630 neque

125 2631 160 2678 fas
172 2646 244 2690 neque
257 2630 323 2676 iidem
335 2633 398 2692 pensi
415 2632 512 2685 heberet,
529 2631 581 2678 olim
600 2634 714 2692 provisum
732 2642 790 2682 erat.

124 2695 228 2741 Pn'munr
258 2709 368 2742 venenum
391 2698 419 2742 ub
440 2698 494 2757 ipsis
518 2697 672 2743 educatoribus
693 2700 787 2760 accepit,
811 2752 815 2763 Ι

90 2770 94 2776 ·
111 2761 293 2820 transmisitque,
316 2759 421 2809 exsoluti
440 2763 500 2816 ulco,
518 2776 599 2823 parum
615 2763 723 2816 umidum,
738 2764 788 2810 sire

96 2824 317 2880 temperamentum
340 2829 425 2885 inerat,
455 2845 486 2876 ne
508 2828 587 2876 stetim
609 2827 710 2872 saeuiret„
752 2826 805 2871 bed

82 2875 163 2936 Nero,
178 2886 242 2934 lenti
253 2895 358 2942 sceleris
381 2897 522 2960 impatiens,
538 2892 647 2942 mimmii
662 2883 815 2945 tribunosqu-

86 2955 132 3016 e'f’
142 2954 304 3013 wentenum
317 2964 451 3019 veneficae,
474 2963 551 3026 quod,
571 2959 630 3006 dum
648 2962 775 3000 rumorem
788 2961 830 2992 re-

53 3010 184 3070 ¹P¹⁶¹ffl²b
201 3019 267 3070 dum
281 3039 380 3092 parant
395 3032 574 3084 defensiones,
592 3019 756 3074 secuximrern
762 3021 832 3055 mut·
