1680 3188
88 124 139 172 274
210 120 261 171 DE
277 112 508 173 ORATORIBUS·
524 119 632 173 caneo.

88 251 166 316 Ipsam
176 253 231 315 quin
241 254 312 303 immo
328 270 412 310 curam,
427 262 451 302 et
467 255 581 318 diligentis
593 252 648 316 styli
658 251 759 301 anxiem-

88 326 136 366 tem
158 321 292 367 contrariam
319 321 460 383 experimnr3
483 321 536 382 quia
556 334 618 383 saepe
636 320 762 382 interrogat

84 384 164 447 Jndex,
175 384 264 445 quando
274 386 374 448 incipias,
386 393 409 432 et
417 394 446 432 ex
454 386 632 449 interrogatione
643 385 693 448 q'us
703 383 761 431 iucl-

87 448 195 512 piendum
212 456 255 497 est.
271 448 428 511 ·Frequenter
445 451 611 512 probationibus
627 456 652 497 et
668 448 762 496 testibus

89 514 202 561 silentium
213 517 314 577 patronis
324 516 416 562 indicit:
436 530 495 563 unus
505 516 564 562 luter
579 517 629 563 baec
640 513 726 562 dicenti
736 528 763 561 sc

89 580 147 627 ulter
156 580 246 634 adstit,
262 590 286 626 et
296 596 332 627 res
342 581 405 627 velut
416 581 440 627 in
451 581 573 628 solitudine
587 580 670 644 agitur.
702 578 761 626 Ors-

88 645 132 692 tori
143 651 218 692 auis·
229 646 328 692 clamore
337 646 460 708 plausuque
471 662 527 708 opus
538 652 580 702 est,
592 654 616 693 et
625 644 690 691 velut
703 658 762 705 quo·

90 709 141 757 darn
152 711 255 768 tbeatr03
272 711 346 772 qualia
356 711 455 772 quotidie
464 712 562 773 anitiquis
573 711 700 758 oratoribus
707 724 763 756 ceu·

89 775 214 837 tingebant,
234 790 286 822 curn
308 783 342 823 tot
364 776 445 838 pariter
467 790 494 823 sc
515 785 562 823 tam
584 774 670 823 nobiles
688 773 762 821 sorum

91 846 239 897 coarctarent,
251 854 303 888 cum
314 841 424 889 clientelae
435 856 525 902 quoque
534 848 558 887 et
568 838 641 888 tribus
651 848 676 887 et
685 839 762 887 muni·

89 906 199 967 ciplom
210 906 336 969 legationes
347 920 373 953 ac
380 902 536 969 partesItaliss
542 905 719 969 periclitantibus
726 918 763 951 ss·

90 971 210 1025 sisterent3
227 986 279 1018 cum
297 973 320 1018 in
331 971 541 1033 plerisquejudiciis
555 972 657 1018 crederet
668 968 763 1033 populns

89 1035 210 1083 Romanus
221 1036 262 1083 sui
273 1037 387 1091 interesse,
399 1036 453 1097 quid
459 1036 606 1100 Jndlcsretur.
634 1035 695 1083 Satis
705 1048 761 1081 con·

90 1106 144 1159 stat,
165 1099 194 1149 C.
207 1099 338 1149 Cornelium
354 1108 378 1149 et
394 1100 430 1148 Μ.
441 1101 551 1149 &aarum
567 1108 591 1149 et
607 1099 638 1148 Τ.
648 1100 762 1147 Milouem

90 1172 114 1212 et
132 1164 162 1212 L.
173 1165 276 1214 Bestiam
293 1173 317 1214 et
334 1166 360 1214 P.
367 1164 485 1214 Vatinium
502 1182 614 1214 concursu
624 1166 695 1213 totins
706 1164 761 1212 civi·

90 1230 144 1277 tatiu
156 1236 180 1277 et
196 1239 314 1279 accusatos
325 1239 347 1279 et
358 1230 477 1290 defensos;
494 1239 521 1279 ut
530 1231 690 1295 frigidissimos
704 1244 762 1291 quo·

89 1310 135 1356 qua
145 1302 246 1344 oratores
264 1298 312 1360 ipsa
329 1298 436 1344 certamin
445 1298 522 1361 populi
539 1298 614 1345 studia
629 1294 730 1343 excitare
739 1300 763 1341 et

89 1361 210 1408 incendere
219 1363 340 1425 potuerint.
368 1360 455 1424 Itaque,
467 1361 577 1419 Hercule,
589 1360 701 1427 ejusmodi
711 1360 762 1407 libri

89 1432 189 1481 exstant,
200 1434 226 1473 ut
236 1428 279 1491 ipsi
289 1442 384 1488 quoque,
400 1427 438 1490 qui
455 1438 558 1491 egenum,
570 1442 617 1476 non
628 1427 678 1475 aliis
688 1424 763 1497 magis

90 1492 228 1539 orationibus
240 1501 380 1539 censeantur.

121 1555 177 1604 XL.
195 1564 211 1586 ‘⁶
221 1556 274 1606 Jam
284 1572 339 1604 vero
349 1554 470 1604 conciones
481 1556 586 1615 assiduae,
598 1563 622 1604 et
632 1556 710 1604 datum
723 1557 762 1633 jus

89 1623 271 1685 potentissimum
282 1637 392 1684 quemque
403 1622 506 1678 vexandi,
523 1630 591 1684 atque
607 1622 656 1684 ipsa
665 1621 764 1669 inimici-

88 1688 171 1734 tiarum
187 1688 266 1751 gloria,
285 1689 349 1751 (cum
367 1703 392 1734 se
408 1687 498 1749 plurimi
509 1688 644 1735 disertorum
664 1701 694 1733 ne
711 1684 765 1733 aP.

88 1752 178 1814 quidem
190 1752 300 1815 Scipione,
319 1757 358 1799 aut
373 1751 441 1808 Sulli,
454 1761 494 1799 aut
511 1750 555 1801 Cn.
562 1751 681 1814 Pompeio,
694 1751 764 1798 absti-

87 1824 174 1873 nerent,
186 1825 210 1865 et
220 1819 248 1865 ad
263 1818 406 1864 incessendos
420 1818 532 1880 principes
547 1818 616 1873 viros,
633 1824 660 1864 ut
670 1824 707 1864 est
721 1830 763 1863 na·

88 1888 139 1928 tura
149 1883 245 1939 indura,
257 1882 332 1945 populi
343 1898 432 1943 quoque
443 1882 600 1931 arrectioribus
610 1882 702 1929 auribus
710 1888 763 1929 ute·

91 1946 180 2008 rentur)
198 1955 305 2010 quantum
325 1948 427 1995 ardorem
447 1948 552 2011 ingeniis,
569 1962 625 2008 quas
637 1946 764 1994 oratonbus

89 2009 149 2057 faces
166 2012 328 2061 admovebant!
362 2013 418 2061 Non
438 2014 466 2061 de
486 2011 558 2060 otiosa
569 2018 593 2059 ct
603 2010 681 2074 quieti
691 2026 717 2060 re
726 2010 762 2059 lo·

90 2075 184 2137 quimus,
196 2086 219 2125 et
229 2093 280 2139 quac
294 2079 405 2140 probitate
421 2085 445 2125 et
464 2077 575 2125 modestil
591 2076 703 2141 gaudeat:
724 2076 765 2124 sed

89 2148 125 2187 est
135 2156 218 2205 magna
228 2144 271 2190 ista
286 2149 310 2190 et
325 2143 428 2190 notabilis
442 2144 577 2205 eloquentia,
588 2142 681 2190 alumna
691 2143 762 2190 licen·

88 2206 134 2260 tlte,
145 2223 213 2268 quam
231 2208 293 2256 stulti
309 2207 434 2255 libertatem
445 2210 562 2266 vocabant,
579 2223 657 2255 comes
669 2208 762 2255 seditio·

89 2285 151 2327 num,
168 2273 269 2321 effrenati
285 2275 361 2336 populi
380 2274 557 2329 incitamentum,
577 2273 627 2320 sine
645 2273 763 2334 obsequio,

89 2337 137 2384 sine
149 2340 262 2395 servitute,
274 2347 403 2394 contumax,
415 2341 539 2394 temeraria,
547 2352 663 2401 arrogans,
675 2350 728 2400 quae
739 2338 763 2384 in

88 2401 145 2448 bene
156 2405 283 2451 constitutis
299 2406 426 2452 civitatibus
437 2419 483 2452 non
495 2406 571 2451 oritur.
606 2403 684 2458 Quem
701 2403 762 2450 enirn

89 2473 202 2515 oratorem
215 2469 420 2525 lacedaemonium,
440 2484 506 2531 quem
525 2468 660 2517 Cretensem
672 2469 762 2532 accepi·

77 2533 152 2578 mas?
167 2550 265 2596 quarum
288 2537 409 2586 civitatum
436 2535 577 2583 seuerissima
599 2534 717 2595 disciplina
739 2540 763 2580 et

64 2599 228 2652 severissimae
243 2606 311 2671 leges
329 2605 460 2656 traduntur.
490 2601 532 2650 lle
544 2599 703 2648 Macedonum
715 2598 765 2659 qud·

53 2659 112 2709 10¹ss
125 2680 157 2716 sc
167 2668 316 2735 Persarum,
330 2692 356 2725 ac
366 2674 442 2725 ullius
453 2671 542 2739 geniis,
552 2680 608 2731 quta
616 2661 782 2725 concludens
