1680 3188
127 468 145 513 4
199 459 393 512 ANNALIUM
404 456 622 512 Lmffllcrne.
678 465 793 507 uacuos.

127 586 198 643 nobis¹
208 595 232 642 in
249 594 345 642 fratrum
354 591 413 640 liliaa
423 592 543 658 coqjugia:
562 593 602 640 red
619 589 794 656 aliis'gentibus

127 660 244 717 sollennia,
256 675 299 707 nec
308 660 361 721 lege
371 658 418 705 ulla
426 659 552 721 prohibita:
571 666 594 706 et
602 660 741 707 sobrinarum
753 659 792 707 diu

125 725 230 788 ignorata
251 733 353 787 tempore
368 724 444 771 addito
462 725 627 786 percrebuissez
646 738 733 772 morem
754 739 792 772 so·

126 790 271 846 commodnti,
289 797 357 854 prout
372 789 489 846 conducat,
509 798 534 837 et
548 789 598 837 fore
608 791 651 838 boc
662 804 752 852 quoque
767 790 792 836 in

126 855 169 910 his,
180 870 233 916 quae
243 870 299 902 mox
309 862 453 917 usurpentur.
501 877 503 881 v

159 918 220 966 vn.
237 919 308 968 Haud
322 918 420 975 defuere,
436 921 475 981 qui
487 919 596 977 certatim,
614 921 633 968 si
647 927 791 967 cunctaretur

126 981 213 1039 Caram,
235 987 259 1033 vi
277 993 366 1032 acturos
382 985 537 1042 testificantes,
559 993 701 1048 emmperent
723 985 793 1034 curii.

127 1048 286 1114 conglobatur
295 1051 422 1113 promiscua
433 1050 561 1104 multitudo,
577 1050 730 1113 populumque
740 1050 791 1098 Ro-

124 1130 218 1164 manum
230 1115 308 1162 eadem
319 1131 390 1172 orare,
406 1115 513 1162 clamitat
543 1114 596 1163 Nec
608 1113 716 1164 Claudius
732 1117 793 1163 ultra

125 1189 263 1243 exspectato,
283 1179 374 1227 obvium
389 1181 448 1242 apud
462 1179 536 1228 torum
547 1181 634 1244 praebet
644 1195 670 1227 ae
679 1182 791 1242 gratanti·

124 1246 178 1293 bus:
198 1253 345 1306 senatumque
355 1245 479 1307 ingressus,
495 1244 611 1292 decretum
621 1245 727 1307 postulat,
744 1261 791 1307 quo

120 1311 192 1375 jrrstae
202 1311 261 1358 iuter
270 1317 364 1371 patruos
374 1309 514 1369 fratrumque
523 1308 580 1355 filias
591 1310 677 1372 nuptiae
687 1310 755 1358 etiarn
767 1312 791 1358 in

124 1382 241 1438 porterum
252 1380 412 1421 statuerentur.
444 1372 528 1434 Neque
539 1378 614 1420 tamen
629 1381 732 1434 repertun
747 1382 790 1433 est,

125 1441 169 1487 nisi
181 1455 247 1495 unua,
263 1439 315 1488 talis
329 1438 466 1486 matrimonii
481 1437 578 1500 cupitor,
593 1436 623 1485 T.
631 1438 736 1487 Alledius
747 1440 790 1488 Se-

124 1520 199 1561 verus,
220 1520 288 1567 eques
307 1503 433 1560 Romanus,
452 1516 520 1565 quem
538 1503 639 1566 plerique
655 1503 792 1568 Agrippinae

124 1568 199 1634 gratii
208 1570 330 1633 impulsum
343 1568 452 1616 ferebant,
484 1567 559 1616 Versa
574 1584 603 1616 ex
619 1584 647 1617 eo
663 1569 749 1626 civitas.
766 1577 791 1618 et

124 1640 209 1682 cuncta
223 1635 316 1683 feminae
337 1634 475 1688 obediebant,
497 1648 543 1679 non
560 1646 601 1696 per
618 1633 741 1691 lasciviam,
764 1644 790 1684 ut

124 1698 258 1756 Messalina,
275 1700 341 1746 rebus
357 1698 470 1746 Romanis
483 1697 592 1747 illudenti.
622 1699 754 1747 Adductum
765 1708 790 1750 et

124 1766 188 1827 quasi
204 1765 270 1812 virile
285 1765 415 1811 servitiam:
434 1763 508 1826 palam
527 1765 641 1820 severitas,
660 1780 687 1812 ac
705 1767 789 1829 saepius

123 1831 242 1892 superbia:
261 1828 317 1877 nihil
335 1829 396 1876 dorni
413 1829 558 1890 impudicum,
576 1831 619 1877 nisi
639 1831 787 1880 dominationi

122 1894 253 1956 expediret'
279 1892 369 1957 Cupido
379 1895 427 1941 auri
437 1894 548 1942 immensa
558 1895 675 1944 obtentum
686 1897 788 1954 habebat,

123 1960 187 2022 quasi
199 1959 321 2006 subsidium
332 1975 404 2022 regno
414 1966 537 2022 pareretur.
794 1992 798 1999 -

154 2022 229 2072 VIII.
245 2023 294 2072 Die
309 2025 436 2087 nuptiarum
453 2025 543 2072 Silanus
558 2025 599 2073 sibi
617 2033 713 2074 mortem
731 2042 788 2076 con·

121 2089 201 2137 scivit:
221 2090 270 2137 sive
280 2105 308 2137 eo
318 2105 390 2150 usque
400 2105 463 2152 spem
473 2091 528 2137 vitae
537 2091 680 2153 produxerat,
695 2108 737 2140 seu
748 2094 788 2142 de-

120 2155 181 2202 lecto
200 2156 243 2209 die,
263 2155 388 2217 augendam
406 2155 435 2201 ad
450 2156 564 2203 invidiam.
598 2154 700 2213 Calvina,
724 2173 789 2208 soror

120 2223 176 2282 ejus,
194 2218 261 2266 ltalia
275 2220 341 2281 pulsa
356 2228 398 2268 eac
430 2220 525 2268 Addidit
542 2218 657 2276 Claudius,
677 2237 742 2271 sacra
758 2238 788 2271 ex

120 2285 209 2347 legibus
223 2285 287 2332 Tulli
304 2286 371 2347 regis,
386 2286 518 2347 placulaque
533 2286 592 2348 apud
607 2287 684 2333 lucum
700 2286 786 2337 Dianae

119 2366 161 2412 per
171 2349 289 2412 pontifices
299 2351 384 2397 danda:
403 2350 546 2398 irridentibus
555 2351 649 2406 cunctis,
664 2353 725 2413 quod
735 2369 786 2417 poe-

120 2430 157 2462 nae
169 2416 383 2476 procurationesque
393 2416 473 2462 incesti
487 2415 510 2461 id
522 2417 628 2476 remporIs
639 2414 786 2479 exquireren-

119 2490 163 2526 tur.
197 2480 231 2526 At
240 2480 372 2542 Agrippina,
384 2496 413 2527 ne
423 2480 488 2527 malis
498 2487 586 2527 tantum
595 2480 732 2531 facinoribus
743 2499 786 2531 no·

120 2552 222 2598 tesceret,
241 2546 330 2593 veniam
347 2546 419 2592 exsilii
438 2561 479 2607 pro
498 2545 589 2592 Annaeo
607 2545 701 2602 Seneci,
718 2548 787 2596 simul

117 2619 240 2672 praeturam
251 2613 361 2672 impetrat,
377 2612 455 2658 laetum
466 2610 490 2655 in
501 2611 614 2672 publicum
626 2621 682 2666 rata,
697 2613 726 2659 ab
737 2614 785 2661 cla-

118 2676 239 2723 ritudine'm
250 2676 375 2722 studiorum
386 2677 441 2739 ejus,
453 2684 522 2737 utque
533 2675 631 2723 Domitii
638 2677 735 2738 pueritia
745 2679 786 2726 tali

98 2741 792 2870 attribui-‘illitifiillllelliitillul„

76 2863 178 2939 P{¹²⁸{¹²›
193 2873 313 2921 memorii
325 2872 446 2930 beneficii,
459 2880 485 2921 et
490 2872 600 2921 inienuus
606 2867 717 2921 Clauum
727 2867 809 2912 &lm

68 2935 181 2987 ¹¹ll¹¹¹⁷ae2
200 2939 360 2988 credebatur.

97 2986 152 3039 ῙΧ·
174 2997 310 3055 Placitum
325 3008 432 3068 dehinc,
446 3005 582 3057 nonullae
589 2994 716 3049 cunctari·⁸
735 2988 834 3035 aedda-
