1680 3188
63 125 112 170 136
142 122 332 170 ANNALIUM
344 124 458 170 mxv.
467 122 526 172 Car.
539 126 577 171 74.
606 127 667 166 Μ.
678 132 724 176 819.

60 267 138 299 verum
151 254 255 300 noscendi
268 270 321 300 cura
332 260 385 309 erat,
393 262 416 301 et
426 253 531 309 fatentur,
543 255 581 314 qui
591 255 722 316 postinter-

61 319 117 364 itum
134 318 233 365 Neronis
248 320 271 364 in
292 319 378 366 Urbem
397 320 492 381 regressi
511 326 571 365 sunt.
603 319 672 366 Asin
685 336 722 366 se·

61 391 116 430 natu
127 384 219 437 cunctis,
228 390 254 429 ut
264 384 344 444 cuique
354 384 474 446 plurimum
485 384 597 442 moeroris,
609 385 633 430 in
644 385 722 432 aduls-

60 447 144 494 tionem
156 448 264 504 demissis,
275 447 292 496 J
293 450 369 496 unium
386 449 521 502 Gallionem,
543 449 636 497 Senem
647 448 723 496 fratris

60 519 133 559 morte
151 513 263 574 pavidum,
283 520 306 560 et
311 529 362 626 ὅτο
374 511 416 560 sul
425 514 579 560 incolumitate
590 513 722 576 supplicem,

333 579 423 632 lemene,
443 579 531 624 hostem
548 584 571 625 et
589 577 722 641 parricidam

60 578 170 639 increpuit
189 578 291 625 Salienus

60 657 158 700 vocana3
176 642 247 688 donec
260 658 372 689 consensu
390 649 478 704 patrum
498 642 617 689 deterritus
633 651 675 698 est,
693 658 722 688 ne

60 707 153 768 publicis
164 707 229 753 malis
240 708 299 753 abuti
310 708 338 754 ad
354 708 493 754 occasionem
509 707 590 768 privati
601 707 647 753 odii
657 707 720 754 vide·

61 779 128 826 retur,
151 787 195 818 neu
218 773 341 833 composita
362 779 401 818 aut
418 772 533 818 obliterata
550 772 723 820 mansuetudine

61 837 167 898 principis
178 851 261 882 novam
273 838 300 883 ad
311 837 420 884 saevitiam
431 837 560 883 retraheret.

82 899 214 947 LXXIV.
231 899 291 947 Turn
302 902 361 948 dona
375 908 398 947 et
413 908 489 963 grates
500 901 547 948 deis
564 901 721 954 decernuntur,

60 966 206 1028 propriusque
223 966 295 1013 honos
308 966 361 1020 Soli,
383 967 431 1029 (cui
449 973 484 1012 est
501 973 567 1012 vetus
586 966 647 1012 aecles
662 966 733 1026 apud·

60 1032 152 1085 circum,
164 1032 187 1076 in
198 1046 243 1091 quo
253 1030 339 1077 facinus
350 1030 478 1093 parabatur)
494 1032 533 1090 qui
544 1031 631 1077 occulta
642 1032 721 1092 conju·
732 1062 736 1069 -

61 1096 254 1142 rationisnumine
266 1097 395 1142 retexisset:
416 1105 484 1155 utque
496 1093 637 1142 Circensium
650 1093 721 1142 Cere·

60 1159 128 1206 aliurn
140 1160 248 1206 ludicrum
260 1161 357 1222 pluribus
368 1176 476 1221 equorum
487 1161 587 1205 cursibus
598 1160 721 1206 celebrare·

61 1231 112 1271 tur:
132 1226 260 1285 mensisque
279 1226 364 1287 Aprilis
384 1224 483 1271 Neronis
493 1232 670 1286 cognomentum
681 1239 721 1270 ac·

61 1290 160 1350 ciperet:
185 1289 292 1351 ternplum
312 1290 381 1336 Saluti
401 1297 553 1335 exstrueretur
571 1305 599 1334 eo
615 1289 667 1342 loci,
691 1303 720 1334 ex

61 1369 106 1414 quo
118 1355 227 1401 Scevinus
237 1353 320 1400 ferrum
338 1362 467 1415 promserat.
501 1352 553 1414 Ipse
572 1369 623 1399 curn
639 1353 720 1414 pugio·

62 1433 113 1465 nem
129 1419 186 1480 apud
203 1416 338 1479 Capitolium
355 1419 455 1473 sacravit,
471 1418 626 1479 inscripsitque
645 1416 721 1466 “Jovi

62 1481 177 1529 Vindici.”
218 1481 246 1529 ln
265 1498 365 1544 praesens
383 1484 441 1528 haud
457 1484 650 1529 animadversnmr
669 1488 732 1544 post·

63 1562 124 1594 arma
134 1547 189 1596 Julii
201 1546 309 1600 Vindicis,
329 1548 357 1594 ad
371 1548 492 1608 auspicium
504 1556 528 1594 et
538 1548 672 1609 praesagium
683 1547 735 1594 fu·.

62 1620 120 1658 turae
136 1612 227 1659 ultionis
247 1614 378 1660 trahebatur.
412 1609 511 1673 Reperio
521 1613 544 1658 in
555 1612 723 1659 commentariis

62 1677 159 1732 senatis,
179 1676 288 1725 Cerialem
310 1678 423 1729 Anicium,
442 1677 555 1722 consulem
571 1677 721 1738 designatum,

60 1757 101 1803 pro
116 1740 226 1788 sententii
242 1742 331 1796 dixisse,
352 1749 377 1788 ut
388 1741 496 1802 templum
508 1739 540 1787 D.
550 1739 638 1787 Neroni
654 1756 721 1802 quem

62 1807 192 1852 maturrime
201 1805 290 1868 publici
300 1806 394 1869 pecuniis
404 1814 537 1869 poneretur:
557 1807 617 1865 quod
630 1806 721 1867 quidem

61 1870 100 1916 ille
116 1871 253 1926 decernebat,
269 1879 381 1932 tamquam
393 1872 487 1917 mortale
497 1871 610 1932 fastigium
622 1885 721 1932 egresso,

61 1943 86 1981 et
96 1937 261 1983 venerationem
280 1937 395 1982 hominum
407 1936 493 1990 merito,
511 1934 657 1995 quorumdam
669 1934 722 1981 dolo

62 1999 90 2046 ud
107 2001 182 2048 omina
198 2004 232 2048 sui
251 2002 325 2048 exitus
343 2002 482 2049 vertebatur:
502 2015 554 2046 nam
569 1999 634 2046 delim
649 1999 723 2045 honor

62 2065 155 2126 principi
167 2083 213 2114 non
224 2076 275 2114 ante
283 2067 382 2122 habetur,
393 2081 460 2127 quam
472 2079 540 2127 agere
550 2065 608 2111 inter
618 2064 722 2111 hominm

59 2130 157 2182 desierit
