1680 3188
240 112 439 163 GERMANIA.
458 111 519 162 Cur.
532 115 569 163 14.
690 111 735 156 191

67 243 139 290 vitus.
170 241 295 308 Eliguntur
305 246 329 291 in
340 246 419 293 iisdem'
428 246 529 292 conciliis
539 252 562 291 et
573 242 690 306 principes,
702 237 741 299 qui

63 310 119 371 jura
129 323 170 370 per
180 326 252 373 pagos
262 311 368 371 vicosque
377 311 476 358 reddant.
501 309 599 359 Centeni
607 305 702 370 singulis
710 317 740 351 ex

67 373 135 436 plebe
145 377 246 430 comites,
258 376 377 422 consilium
388 377 454 422 simul
465 383 488 423 et
499 376 628 428 auctoritas,
639 374 730 420 adsunt.

103 438 181 486 XIII.
207 440 272 486 Nihil
293 448 368 487 autem
387 456 460 502 neque
480 441 576 503 publicae
597 453 671 500 neque
691 433 738 498 pti·

69 511 132 552 votm
143 507 182 561 rei,
198 507 242 552 nisi
252 507 338 560 armati,
352 520 432 567 munt.
464 506 510 553 Sed
520 521 582 552 mma
593 518 682 551 sumere
692 513 739 547 non

69 577 124 616 sote
135 571 238 632 cuiquam
249 571 325 624 moris,
337 587 403 631 quam
415 572 494 618 civitas
505 570 650 619 suffecturum
659 566 739 629 probs·

69 636 137 683 verit.
169 635 231 682 Tum
246 637 269 682 in
284 637 334 697 ipso
348 636 451 692 concilio,
462 637 499 683 vel
513 637 637 698 principum
652 631 738 692 uliquis.

70 700 109 746 vel
119 707 189 762 pater,
201 701 239 749 vel
252 703 396 763 propinquus,
413 709 477 748 scuto
491 699 619 762 frmnerique
631 701 739 763 juvenem

71 774 165 812 ornam:
184 768 233 813 haec
243 767 302 828 apud
312 767 364 813 illos
374 775 435 828 toga,
444 768 480 813 hic
490 768 576 828 primus
582 767 686 828 Juventae
696 762 739 808 ho·

70 845 128 878 nos:
147 838 201 878 onte
211 833 254 878 hoc
262 831 343 878 domils
354 848 405 893 pars
416 833 526 887 videntur,
538 846 593 878 mox
604 827 738 891 reipublicae.

68 893 174 958 insignis
188 897 299 952 nobilitas,
316 905 355 943 aut
370 913 453 959 magna
468 908 557 958 patrum
574 897 659 949 merito,
676 892 739 954 prin·

69 960 128 1022 cipis
149 962 303 1024 dignationem
325 963 392 1008 etiam
414 962 586 1008 adolescentulis
604 961 736 1021 assignant:

70 1027 161 1073 cretosis
174 1027 335 1074 robustioribus
348 1042 374 1074 ac
386 1028 435 1090 J'am
449 1028 534 1088 pridem
549 1025 646 1088 probatis
656 1037 739 1085 eggre-

69 1098 167 1153 gsntur:
193 1108 235 1140 neo
251 1093 324 1148 rubor,
341 1093 400 1139 inter
416 1092 509 1139 comites
525 1091 615 1153 adspici.
650 1087 740 1136 Gradus

70 1156 205 1217 quinetiam
216 1165 240 1204 et
247 1158 295 1220 ipse
302 1159 422 1204 comitatus
433 1157 597 1218 habetjudicio
608 1157 663 1218 ejus,
672 1167 739 1214 quem

71 1228 200 1269 sectantur:
221 1237 348 1284 magnoque
363 1232 386 1270 et
401 1222 507 1268 comitum
523 1221 646 1277 aemulstio,
661 1217 741 1279 quibus

71 1287 159 1349 primus
176 1289 235 1349 apud
250 1289 372 1350 principem
389 1304 454 1334 suum
471 1288 546 1343 locus;
569 1293 592 1332 et
607 1284 741 1347 principum,

71 1352 110 1397 cui
120 1352 211 1414 plurimi
222 1361 245 1400 et
256 1354 356 1400 acerrimi
372 1355 472 1400 comites.
506 1350 567 1397 Haec
581 1351 687 1412 dignitas,
703 1349 740 1394 lise

71 1416 140 1471 vires,
156 1432 240 1479 msgno
256 1433 343 1480 semper
356 1419 478 1465 electorum
491 1419 601 1479 juvenum
616 1416 684 1478 globo
696 1413 740 1460 cir·

71 1483 179 1537 cumdari,
199 1483 223 1528 in
240 1499 295 1544 pace
312 1483 386 1538 decus,
405 1485 430 1529 in
446 1483 504 1530 bello
519 1482 655 1546 praesidium.
688 1476 740 1525 Nec

20 1548 23 1554 '
72 1547 147 1594 solum
155 1548 179 1593 in
191 1545 231 1595 suia
241 1555 311 1610 gente
321 1551 408 1608 cuique,
419 1549 459 1594 sed
470 1549 528 1610 apud
538 1547 643 1593 finitimas
650 1558 741 1606 quoque

72 1612 176 1659 civitates
188 1613 210 1658 id
222 1627 311 1669 nomen,
320 1629 347 1660 ea
357 1614 430 1676 gloria
440 1621 481 1667 est,
493 1615 511 1659 si
520 1628 614 1659 numero
622 1627 648 1658 ac
657 1611 741 1656 virtute

74 1677 196 1725 comitatus
207 1679 317 1725 eminenti
336 1687 472 1740 expetuntur
482 1679 542 1724 enim
550 1676 706 1738 legationibus,
717 1680 741 1720 et

72 1743 204 1869 mupppibus
223 1750 337 1799 ornantur,
356 1752 379 1790 et
397 1741 445 1806 ipsi
459 1743 591 1804 plerumque
607 1739 668 1789 lamb
682 1738 741 1787 bells

88 1823 114 1853 ro
132 1808 137 1819 '
156 1815 203 1854 snt

71 1822 88 1870 Ρ
106 1870 179 1918 xlv.
198 1871 258 1921 Cum
272 1879 365 1920 ventum
379 1873 403 1919 in
418 1874 498 1928 aciem,
513 1879 579 1935 turpe
589 1871 682 1935 principi
693 1869 740 1916 vir·

73 1942 124 1984 tute
135 1938 203 1994 vinci,
214 1946 278 2000 turpe
289 1939 404 1986 comitatui
413 1940 520 1986 virtutem
530 1938 637 2001 principis
647 1950 692 1982 non
702 1933 741 1981 ad·

72 2016 172 2062 aequsre.
203 2001 256 2051 Jam
269 2019 324 2050 vero
338 2003 422 2050 infame
435 2006 459 2050 in
470 2019 561 2050 omnem
572 2005 641 2049 vitam
652 2016 678 2047 ac
689 2014 742 2062 pro·

71 2067 173 2122 brosurm
191 2069 332 2130 superstitem
346 2070 440 2131 principi
455 2084 497 2115 suo
508 2083 540 2116 ex
554 2069 603 2114 scic
616 2065 743 2112 recessisse.

72 2129 143 2191 Illum
155 2131 280 2188 defendere,
291 2135 356 2187 tueri,
367 2149 408 2180 sua
418 2149 508 2195 quoque
517 2134 584 2180 fortia
594 2131 654 2178 lacto
662 2129 744 2192 glorie

71 2197 122 2258 ejus
132 2197 255 2260 assignem
268 2200 406 2260 praecipuum
419 2206 584 2246 sacramentum
598 2203 640 2243 est.
673 2193 742 2241 Prin·

72 2262 136 2322 cipes
145 2277 187 2323 pro
198 2261 416 2326 victoridpugnant3
430 2265 525 2310 comites
532 2279 573 2326 pro
580 2261 686 2324 principe
715 2258 741 2306 Si

72 2327 162 2381 civitas,
176 2328 200 2374 in
212 2327 258 2388 qud
269 2331 312 2376 orti
322 2338 382 2384 sunt,
396 2327 466 2391 longi
478 2344 534 2391 pace
547 2334 571 2374 et
581 2328 628 2374 otio
639 2330 742 2386 torpeat3

71 2390 175 2454 pleumue
185 2393 293 2441 nobilium
304 2394 479 2442 adolescentium
490 2401 569 2456 petunt
579 2393 640 2438 ultro
651 2405 689 2437 eas
702 2403 743 2436 ns·

72 2456 155 2512 tiones,
170 2473 222 2518 quae
236 2465 286 2505 turn
295 2460 378 2506 bellum
394 2460 484 2521 aliquod
497 2467 593 2522 gerunt;
610 2457 661 2518 quia
672 2463 696 2501 et
705 2455 742 2500 in·

75 2530 143 2583 grets
152 2523 218 2584 genti
226 2525 297 2584 quies,
309 2532 332 2570 et
339 2525 426 2572 facilius
433 2527 493 2572 inter
502 2525 607 2586 ancipitia
614 2522 745 2575 clarescant,

74 2601 230 2650 magnumque
240 2591 370 2639 comitatum
379 2606 427 2641 nou
434 2590 752 2653 nisiuibelloquetueaabm
