1680 3188
88 530 120 574 98
180 523 373 576 ANNALIUM
389 522 579 576 LleLCar.
587 531 626 576 61.
644 526 766 578 11.ch

89 658 144 721 lium
156 655 265 712 Taurum,
277 657 355 719 opibus
366 657 481 713 illustrem,
501 658 572 704 bortis
591 660 640 721 ejus
657 658 754 714 inhians,

89 723 205 784 pervertit,
223 728 343 768 accusante
361 720 478 784 Tarquitio
494 720 581 770 Prisco.
615 722 718 785 Legatus
735 724 756 770 is

90 785 168 841 Taun',
180 786 281 833 Africam
298 787 392 848 imperio
407 785 561 850 'proconsulari
572 789 679 850 regentis,
690 796 755 850 post-
795 797 797 801 ’

53 900 56 910 ,
90 867 157 912 quam
169 858 308 907 revenerunt,
319 866 391 913 pauca
397 853 568 914 repetundarum
576 853 675 908 crimina,
684 860 756 899 caetea

90 931 141 962 rum
163 917 263 978 magicas
284 917 453 978 superstitiones
475 918 606 981 objectabat.
642 917 695 964 Nec
716 918 756 964 ille

90 981 173 1028 diutius
183 980 265 1028 falsum
276 989 428 1028 accusatorem
438 980 598 1044 indignamque
609 990 692 1030 sortem
703 998 755 1044 per·

90 1061 176 1108 pessus,
195 1046 243 1095 vim
253 1046 307 1093 vitae
319 1061 366 1093 suae
378 1046 459 1101 attulit,
471 1057 524 1094 ante
537 1050 672 1095 sententiam
687 1063 756 1094 sena·

91 1111 136 1158 tds.
172 1110 302 1173 Tarquitius
312 1120 387 1158 tamen
399 1111 462 1158 curii
472 1121 564 1160 exactus
575 1121 624 1160 est:
643 1113 703 1174 quod
714 1128 755 1174 pa·
787 1118 792 1125 '

91 1184 144 1255 treq,
156 1176 208 1224 odio
218 1175 329 1233 delatoris,
340 1183 420 1225 contra
430 1179 537 1225 ambitum
548 1174 688 1240 Ag'rippinae,
703 1194 755 1240 per-

91 1257 175 1288 vicere.

125 1305 181 1352 LX.
198 1305 288 1354 Eodem
307 1322 366 1356 anno
388 1309 470 1370 saepius
489 1308 563 1355 audita
581 1323 627 1355 vox
644 1307 757 1371 principis,

92 1387 169 1435 parem
188 1373 235 1419 vim
252 1388 325 1419 rerum
342 1374 472 1428 habendam,
490 1389 504 1420 a
518 1374 697 1434 procuratoribus
710 1375 757 1419 suis
787 1387 794 1398 ⁸

88 1437 245 1500 judicatarum,
265 1453 291 1484 ac
310 1439 329 1484 si
347 1435 394 1501 ipse
411 1439 532 1485 statuisset.
563 1439 606 1492 Ac,
624 1453 653 1484 ne
663 1437 758 1484 fortuito

92 1502 208 1564 prolapsus
219 1502 338 1558 videretur,
346 1503 438 1550 senatus
448 1519 537 1565 quoque
544 1504 647 1550 consulto
658 1511 757 1558 cautum,

92 1567 181 1630 plenius
198 1583 264 1629 quam
276 1577 342 1614 antea
358 1575 381 1614 et
398 1569 500 1614 uberius:
521 1583 572 1614 nam
589 1567 622 1614 D.
630 1568 758 1630 Augustus,

94 1632 153 1694 apud
164 1632 285 1693 equestres,
302 1634 340 1694 qui
356 1633 460 1694 AEgypto
471 1633 623 1695 praesiderent,
640 1633 692 1694 lege
711 1633 760 1695 agi,

94 1697 227 1759 decretaque
239 1713 317 1744 eorum
325 1698 417 1760 perinde
427 1699 502 1744 baberi
508 1700 615 1760 jusserat,
623 1713 649 1744 ac
657 1699 675 1744 si
684 1697 757 1758 magi-

93 1761 286 1827 stratusRomani
294 1764 477 1809 constituissent:
491 1777 546 1810 mox
557 1763 611 1810 alias
618 1778 658 1824 per
665 1762 758 1825 provin-

94 1828 147 1882 cias,
160 1835 183 1874 et
196 1829 220 1874 in
235 1827 298 1874 Urbe
310 1829 416 1889 pleraque
426 1842 535 1874 concessa
545 1835 604 1883 sunt,
616 1843 666 1888 quae
678 1828 732 1874 olim
744 1842 759 1874 a

94 1892 227 1955 praetoribus
238 1893 387 1949 noscebantur
393 1894 402 1940 ἰ
419 1891 528 1941 Claudius
539 1895 650 1956 omnejus
661 1892 759 1947 tradidit,

95 1958 186 2017 dequo
204 1958 271 2004 toties
289 1958 398 2005 seditione
419 1965 458 2004 aut
476 1959 545 2005 armis
567 1967 682 2012 certaturn,
706 1971 758 2004 cum

96 2021 234 2083 Semproniis
243 2023 396 2083 rogationibus
403 2031 506 2084 equester
517 2022 572 2070 ordo
583 2023 605 2068 in
618 2022 759 2085 possessione

90 2087 226 2150 judiciorum
237 2087 363 2143 locaretur;
379 2095 419 2133 aut
435 2103 522 2134 rursum
536 2088 638 2134 Serviliae
647 2087 710 2148 leges
721 2103 761 2133 se·

95 2152 157 2199 natui
163 2152 249 2215 judicia
259 2152 392 2206 redderent;
410 2151 542 2212 Mariusque
553 2153 576 2198 et
593 2151 655 2198 Sulla
666 2151 719 2197 olim
731 2152 759 2197 de

95 2234 123 2264 eo
134 2217 171 2263 vel
181 2218 294 2279 praecipue
304 2215 418 2262 bellarent
436 2215 480 2261 Sed
492 2225 546 2283 tnnc
558 2217 660 2262 ordinum
672 2216 761 2262 diversa

96 2282 183 2330 studia:
204 2290 227 2327 et
244 2297 296 2343 quae
312 2281 418 2336 vicerant,
435 2280 522 2341 publice
534 2281 642 2327 valebant.
675 2278 760 2342 (3.ορ-

96 2349 146 2411 pius
157 2355 180 2394 et
192 2344 311 2394 Cornelius
326 2345 410 2392 Balbus
428 2346 494 2406 primi
515 2344 612 2393 Caesaris
628 2346 707 2406 opibus
717 2361 760 2407 po·

97 2410 162 2459 tuere
184 2412 323 2458 conditiones
345 2412 405 2474 pacis
428 2418 451 2456 et
473 2410 633 2456 arbitria-belli
656 2416 760 2456 tractare.

97 2477 185 2524 Matios
192 2478 286 2537 posthac
297 2484 320 2522 et
330 2475 416 2522 Vedios
427 2482 449 2522 et
461 2483 542 2522 caetera
556 2475 655 2535 equitum
672 2474 760 2523 Roma·

97 2557 178 2588 norum
194 2541 315 2601 praevalida
334 2541 430 2593 aomina,
453 2539 535 2585 referre
554 2541 608 2586 nihil
630 2539 761 2595 attinuerit,

97 2621 148 2652 cum
161 2603 270 2653 Claudius
286 2605 382 2659 libertos,
401 2619 457 2665 quos
469 2604 500 2649 rei
510 2604 611 2650 familiari
622 2604 762 2666 praefecerat,

98 2671 183 2729 sibique
194 2677 218 2716 et
228 2670 316 2730 legibus
326 2669 484 2730 adaequaverit.

130 2733 200 2781 LXI.
218 2733 306 2780 Retulit
314 2733 364 2780 dein
376 2734 404 2779 de
414 2734 553 2780 immunitate
566 2730 621 2781 Cois
631 2731 764 2791 tribuendd3

85 2799 209 2860 multaque
218 2815 290 2862 super
299 2799 435 2862 antiquitate
446 2814 525 2846 eorum
531 2799 676 2845 memoraris.
692 2799 761 2857 argi·
789 2812 791 2818 ⁸

75 2874 124 2913 vva
140 2865 182 2909 vel
193 2862 290 2924 Coenm,
303 2865 408 2916 Latonae
420 2873 549 2930 parentem,
561 2861 781 2909 uetustissimum--

61 2923 125 2971 wlae
142 2930 269 2983 cultores:
288 2950 354 2983 mox
370 2935 479 2984 adventu
500 2926 636 2987 AEsculap'ii
649 2930 727 2971 artem
738 2935 792 2964 me-

52 2982 129 3033 dfflffl'
149 2993 258 3060 illatam,
275 3004 446 3068 maximeque
462 3003 529 3050 inter
544 3003 657 3062 posteros
674 2987 730 3048 daus
743 2980 802 3026 ἑὼ
