1680 3188
136 115 182 160 170
318 114 605 163 SUPPLEMENTUM
678 120 707 157 U.
716 118 740 156 C.
749 122 793 158 see.

132 241 188 287 irem
207 242 326 297 incussdre,
347 260 420 305 quam,
437 254 462 291 ut
480 247 541 292 iratis
558 246 647 299 assolet,
664 252 743 291 secuta
760 252 793 290 cst

132 306 218 354 inertia.
250 307 351 354 Primum
370 310 459 369 quidem
480 311 675 364 infremeredira
695 310 734 367 iis,
755 310 792 370 qui

134 369 262 427 descissent,
274 374 366 419 minari:
385 374 424 420 sed
434 390 474 434 per
484 382 535 420 octo
547 375 666 421 continuos
680 374 729 419 dies
740 372 793 419 nihil

134 437 259 488 rescribere,
271 437 325 482 nihil
341 439 474 500 proscipere;
492 454 538 485 rem
552 440 621 485 atroci
636 438 727 484 silentio
743 452 792 499 pre·

135 514 203 549 mere.
243 501 351 554 Querelns
374 503 469 549 tandem·
486 501 581 549 elicuere
602 503 671 548 missa
692 501 794 547 Vindicis

135 563 215 620 edicta,
230 566 308 625 quibus
320 573 382 611 tauto
393 568 465 628 magis
478 568 603 613 irritabatur
614 566 686 619 Nero,
697 566 758 627 quod
771 565 793 611 in

134 627 162 674 iis
169 630 288 676 cddaroedr'
293 632 350 677 mali
357 637 381 676 et
389 632 535 677 Ahenobarbi
542 632 633 677 uomina
643 631 793 677 adcontme-

132 691 185 739 liam
208 695 289 755 saepius
309 696 408 755 repetito.
440 694 532 740 Talibus
554 695 664 748 efferatus,
687 700 794 740 exeunte

135 757 244 819 languore
257 756 362 813 faucium,
373 767 464 819 propter
473 774 539 818 quem
555 774 600 805 non
610 759 704 813 adesset,
716 757 745 804 ad
758 772 793 804 se·

137 829 214 867 natum
225 823 306 876 scribit,
318 830 343 868 nt
353 822 455 868 Vindicis
470 824 605 883 impietatem
619 829 724 869 accusett
741 836 793 883 pur·

136 892 176 945 get
187 886 294 948 objectam
308 887 361 932 artis
374 887 496 932 inscitiam:
514 886 599 948 gentile
613 901 697 933 nomen
713 900 793 949 appro-

135 949 180 995 bet.
213 949 291 996 Patres
307 951 330 995 in
346 951 453 996 ultionem
468 952 501 997 sui
518 952 594 1011 reique
609 951 704 1012 publicae
718 951 793 997 horta·

136 1019 179 1069 tus,
187 1014 251 1076 jubet
266 1029 306 1075 per
315 1028 441 1077 praeconem
457 1015 554 1062 nuntiari
567 1016 652 1062 centies
664 1013 794 1073 sestertidm

135 1077 172 1134 iis,
183 1079 222 1137 qui
231 1077 350 1125 Vindicem
361 1078 530 1126 interfecissent.
560 1077 655 1126 imbelle
664 1079 794 1133 remelium,

135 1155 165 1188 ex
183 1157 227 1202 quo
246 1143 313 1189 etiam
332 1141 423 1190 Vindex
439 1143 534 1205 gloriam
553 1143 672 1205 questum
695 1141 795 1191 Neronis

137 1205 314 1268 caputafferenti
324 1222 389 1254 suum
398 1208 517 1269 pollicitus.
675 1223 678 1229 ·

169 1267 275 1333 [Interim
286 1271 323 1318 alii
333 1287 400 1334 snper
409 1272 471 1328 alios,
479 1272 645 1332 acerbioresque
654 1270 729 1325 nuntii
738 1270 796 1318 mle

137 1341 210 1382 tutum
228 1336 353 1398 principem
371 1351 401 1384 ex
421 1337 560 1400 voluptatum
580 1335 664 1384 latebrd
685 1334 796 1383 excivere

138 1398 237 1446 Romam
246 1400 345 1463 trepidus
355 1401 431 1463 petiit:
450 1409 473 1448 at
483 1417 525 1449 neo
535 1401 625 1464 periculi
633 1400 796 1463 magnitudine,

138 1478 180 1510 nec
190 1464 290 1511 locorum
301 1466 428 1512 diversitate
435 1473 544 1514 mutatum
555 1466 678 1528 ingenium·
709 1464 796 1512 Eodem

136 1529 272 1589 superstitio,
283 1544 323 1592 per
338 1531 424 1578 levitas.
456 1528 558 1592 Erupere
573 1532 622 1592 ipss
636 1530 696 1576 iuter
710 1529 796 1576 viarm

137 1592 280 1650 diverticula3
297 1594 390 1656 visoque
403 1594 461 1642 sorte
476 1596 620 1648 monimento,
637 1609 682 1655 quo
698 1592 797 1654 insculp-

137 1662 175 1704 tus
190 1665 238 1705 eret
250 1658 337 1714 Gallus,
347 1660 375 1706 ab
388 1661 461 1721 eqitite
471 1659 575 1706 Romano
592 1673 719 1721 oppressus,
729 1657 796 1704 crini·

136 1720 221 1783 busque
231 1728 321 1779 tractus,
333 1724 409 1770 exsilit
417 1725 505 1786 gaudio,
514 1725 596 1771 coelum
603 1724 687 1777 morat
698 1721 797 1769 certissi-

137 1799 201 1832 nrum
210 1786 312 1834 victoria
322 1788 431 1835 indicium
445 1798 573 1851 auguratus.
604 1787 684 1850 Itaque
698 1785 797 1833 Romam

136 1851 214 1905 redux,
225 1866 272 1898 nou
288 1860 390 1900 senatum
401 1868 488 1915 cogere,
499 1869 545 1900 non
557 1854 663 1916 populum
680 1850 798 1913 appellare,

137 1915 186 1973 sed,
197 1916 327 1976 quilursdsm
343 1932 357 1964 e
370 1918 501 1979 primoribus
516 1919 570 1966 viria
585 1920 676 1965 domum
692 1915 798 1968 evocatis,

135 1988 188 2041 port
201 1980 343 2030 desultoriam
357 1982 548 2036 consultationem,
564 1983 673 2043 reliquum
689 1981 740 2035 diei,
756 1993 798 2041 per

138 2057 223 2106 organa
238 2046 368 2106 hydraulica
378 2048 430 2094 novi
445 2055 467 2093 et
477 2047 549 2109 ignoti
564 2047 659 2109 generis,
671 2044 797 2091 circumdu-

138 2123 202 2157 cere:
221 2119 357 2160 monstrator
372 2114 420 2173 ipse
433 2112 512 2173 operis,
523 2110 611 2158 fabricae
624 2116 699 2171 partes
710 2116 797 2155 ortem·

138 2188 183 2235 que
198 2175 323 2233 disserens;
340 2177 420 2231 omnic,
432 2183 457 2223 ut
468 2176 596 2231 offinuabat,
607 2175 631 2220 in
646 2172 796 2227 theatrumai

137 2254 179 2301 per
190 2237 309 2286 Vindicem
320 2241 390 2295 liceat,
401 2241 533 2301 prolaturus.
824 2245 828 2250 ’

135 2329 140 2339 ·
172 2300 253 2365 [Nam
264 2305 301 2350 vel
315 2305 405 2358 invitus,
416 2305 439 2350 in
451 2305 575 2351 Galliarum
587 2300 718 2350 defectionis
733 2299 796 2361 engi·

137 2369 236 2414 tationes
247 2368 413 2424 revolvebstur3
431 2384 480 2415 eam
491 2368 627 2431 opprimendi
644 2380 689 2412 non
700 2365 798 2411 incurio-

136 2444 185 2485 sus,
208 2432 262 2477 dum
283 2439 342 2479 artes
367 2447 414 2479 suae
436 2435 530 2480 semisse
551 2433 632 2495 pariter
654 2430 799 2477 valescerent.

137 2492 205 2542 ¹Inter
221 2502 325 2558 utresque
343 2496 466 2552 distmctus,
484 2499 564 2560 copias.
582 2511 639 2556 quas
657 2494 685 2542 sd
703 2495 801 2541 cuum

135 2556 273 2625 ciprum
289 2562 397 2610 adversus
409 2561 507 2610 Albanos
515 2561 661 2624 premiserat,
672 2559 754 2606 reverti
760 2558 800 2620 ju·

130 2622 183 2676 as,
205 2640 281 2681 um
291 2629 318 2681 u
328 2627 473 2694 utacum,
481 2623 724 2677 consuimus
733 2634 806 2667 m
