1680 3188
191 131 241 181 Du
255 130 484 182 ORATORIBUS.
506 130 566 182 Car.
576 136 613 179 ll.
685 136 733 183 249

65 262 149 325 praelia
159 271 230 328 aoc03
246 278 297 311 cum
309 264 432 326 praeiertim
443 278 473 310 ne
482 264 511 310 ad
521 263 544 310 id
554 264 644 324 quidem
652 263 732 311 contir-

67 343 124 389 gere
142 328 221 388 possis,
240 328 300 388 quod
314 328 426 391 plerisque
440 330 599 390 patrocinatur,
618 336 733 389 tamquam

65 393 144 443 minus
154 393 275 440 obnoxium
286 393 316 438 sit
330 391 424 439 oflensae
436 393 560 454 poitamm,
575 409 641 454 quam
656 401 732 440 orato·

68 471 126 511 rum,
149 457 253 504 studium.
293 455 427 504 Effervescit
444 458 504 506 enim
524 459 559 504 vis
576 459 732 519 pulcherrima

67 528 154 567 naturae
165 528 224 577 tuae;
241 536 283 566 nec
292 536 333 583 pro
343 521 417 568 amico
427 522 507 582 aliquo,
520 523 565 575 sed,
577 523 637 582 quod
644 523 732 584 pericu·

67 585 138 631 locius
149 593 190 638 est,
201 600 242 646 pro
252 584 340 632 Catone
348 585 454 633 offendis:
469 602 513 632 nec
520 596 640 634 excusatur
647 587 732 635 offensa

68 649 233 696 necessitudine
249 649 322 703 officii,
338 656 377 696 sut
392 649 436 698 fide
451 651 609 706 advocationis,
628 659 667 699 aut
683 651 730 697 ior-

67 714 131 763 tuitae
150 722 174 760 et
193 713 272 759 subitae
288 713 390 761 dictionis
405 716 502 777 impetu:
527 723 550 762 at
568 723 593 762 tu
612 717 732 763 meditatus

67 778 150 825 videris
160 777 257 839 elegisse
265 793 383 838 personam
394 780 522 837 notabilem,
538 788 622 827 etcum
633 782 731 828 auctori·

67 849 115 889 tate
125 842 241 888 dicturam.
274 841 359 895 Sentio,
374 843 427 902 quid
438 846 565 905 responderi
576 847 658 906 possit:
678 846 731 899 bino

64 907 173 967 ingentes
189 907 297 952 exsistere
312 921 422 960 assensus,
441 908 494 954 hinc
509 909 532 954 in
548 911 602 970 ipsis
617 909 732 957 auditoriis

63 971 181 1034 praecipue
193 970 284 1024 laudari,
301 977 324 1017 et
336 985 390 1017 mox
404 973 504 1017 omnium
520 974 658 1020 sermonibus
671 973 732 1020 ferri.

63 1034 137 1094 ¹Tolle
147 1035 216 1095 igitur
226 1035 307 1095 quietis
318 1041 341 1080 et
354 1035 478 1082 securitatis
491 1038 663 1089 excusationem,
679 1040 731 1084 cum

63 1101 108 1151 tibi
125 1114 201 1145 sumas
215 1099 363 1146 adversarium
378 1100 527 1174 superiorem:
549 1101 680 1146 nobis-satis
694 1102 731 1155 sit,

65 1165 166 1240 privatas
176 1170 199 1209 et
211 1164 281 1210 nostri
289 1164 365 1210 saeculr
372 1165 537 1210 controversias
544 1164 609 1219 tuen
620 1165 643 1209 in
651 1165 731 1224 quibus

67 1228 179 1291 expressis
190 1243 208 1274 ιι
202 1229 308 1288 'quando
319 1242 410 1274 necesse
418 1228 453 1280 sit,
464 1243 505 1288 pro
513 1198 651 1302 periclitante
658 1229 730 1282 amica

64 1292 219 1355 potentiorum
234 1307 299 1339 aures
312 1291 431 1349 offendere,
447 1299 470 1338 et
482 1293 574 1352 probata
588 1292 616 1336 sit
630 1290 692 1346 tides,
708 1299 731 1340 et

64 1358 158 1405 libertas
169 1355 296 1404 excusata”

101 1419 148 1467 XI.
165 1421 225 1475 Quae
235 1436 286 1467 cum
298 1421 390 1468 dixisset
400 1420 463 1483 Aper
473 1422 552 1471 acrius,
567 1427 592 1466 ut
603 1421 694 1475 solebat,
708 1427 732 1468 et

68 1467 156 1533 intento
171 1501 216 1539 ore,
232 1486 336 1532 remissus
351 1493 374 1533 et
390 1485 505 1532 subridens
520 1485 646 1540 Maternus,
662 1485 731 1533 “Pa-

69 1549 132 1605 ravi,’
135 1549 259 1611 'inquit‘
244 1556 259 1578 “
267 1565 309 1603 me,
320 1564 366 1597 non
376 1551 450 1596 minus
461 1550 499 1598 diu
510 1565 613 1596 accusare
622 1557 729 1606 oratores,

68 1629 137 1677 quam
154 1614 217 1676 Aper
232 1615 338 1661 laudavit
369 1613 428 1660 Fore
445 1615 504 1662 enim
521 1615 646 1670 arbitrabar,
666 1622 697 1670 ut,
717 1630 731 1661 a

68 1679 199 1731 iaudndone
205 1694 283 1726 eorum
295 1679 414 1741 digressus,
426 1680 559 1726 detrectaret
568 1680 651 1742 poetas,
664 1687 732 1740 atque

69 1744 194 1795 saratinum
208 1745 305 1791 studium
320 1751 483 1805 prosterneret:
502 1751 550 1791 arte
562 1742 657 1805 quidam
669 1743 731 1789 miti·

64 1809 139 1871 ¹gavit,
155 1809 296 1855 concedendo
307 1809 348 1863 his,
362 1809 399 1869 qui
410 1824 488 1856 causas
498 1823 565 1870 agere
576 1823 621 1854 non
632 1813 730 1869 possent,

70 1880 96 1920 ut
106 1887 185 1920 versus
195 1872 300 1920 facerent.
327 1873 380 1935 Ego
391 1882 472 1928 autem,
485 1875 541 1920 sicut
549 1875 572 1918 in
581 1874 653 1919 causis
660 1886 731 1932 ngen-

70 1937 105 1984 dis
116 1937 203 1984 efficere
214 1938 296 1998 aliquid
306 1945 329 1983 et
341 1938 395 1983 eniti
407 1937 503 1985 fortasse
516 1951 614 1998 possum,
629 1937 660 1982 ita
674 1936 732 1983 reci·

70 2002 154 2049 tatione
166 2003 324 2064 tragoediarum
336 2002 423 2061 ingredi
436 2002 519 2048 famam
534 2001 659 2061 auspicatus
673 2015 731 2056 sum,

68 2072 120 2112 tum
131 2066 226 2126 quidem,
242 2081 293 2113 cum
308 2067 330 2111 in
346 2065 438 2112 Nerone
453 2067 597 2126 improbatam
612 2065 731 2111 etstudio·

67 2145 121 2176 rum
140 2145 228 2191 quoque
249 2145 312 2177 sacra
333 2129 486 2206 profanantem
506 2129 591 2176 Vatinii
608 2129 733 2204 potentiam

69 2193 144 2256 fregi·
162 2201 186 2240 et
200 2195 273 2250 hodie,
288 2196 306 2241 si
319 2195 407 2269 quidm
423 2195 486 2241 nobis
498 2194 584 2242 notitiae
599 2208 624 2239 ac
635 2194 734 2239 nominis

66 2266 112 2312 est,
124 2260 198 2319 magis
205 2261 297 2306 arbitror
305 2259 435 2316 carminum,
444 2274 509 2318 quam
519 2259 651 2312 orationum,
659 2255 734 2319 glorid

69 2329 174 2384 partum·
193 2340 219 2371 ac
228 2325 277 2386 jam
291 2338 328 2371 me
342 2324 469 2384 sejungere
474 2323 581 2370 aforensi
592 2323 666 2368 labore
676 2337 732 2368 con-

66 2388 146 2437 stitui:
170 2404 211 2435 nec
225 2388 343 2435 comitatus
357 2389 413 2434 istos
427 2395 450 2434 et
465 2402 586 2463 egressus·
579 2393 619 2433 aut
628 2385 733 2446 frequen·

70 2453 125 2499 tiam
137 2452 295 2499 salutationum
306 2452 454 2513 concupisco·
474 2468 519 2499 non
528 2452 600 2528 magis
610 2466 676 2512 quam
688 2463 735 2497 sera

71 2517 108 2562 et'
102 2516 221 2576 imagines,
232 2531 283 2577 quse
290 2517 365 2569 etiam,
376 2531 412 2562 me
420 2517 535 2573 nolente,
529 2516 652 2563 rodomum
660 2530 734 2562 meam

70 2580 205 2640 irruperunt.
238 2579 300 2626 Nam
317 2586 402 2627 statum
417 2583 534 2643 bucusque
549 2595 579 2626 ae
593 2581 743 2628 securatam

60 2643 146 2712 melius
159 2644 294 2694 innocentii
309 2652 385 2705 tueor,
401 2664 474 2713 quam
488 2643 638 2712 eloquenter
655 2657 707 2690 nes.
717 2655 763 2685 w·
