1664 2910
223 26 313 62 cutum:
333 23 363 70 et,
374 16 433 62 sicut
442 32 509 62 vesus
521 47 569 62 w„

209 82 311 127 libertate
325 88 391 135 esset,
406 82 438 126 its
451 96 500 135 nos,
517 81 570 141 quid
582 81 606 126 in
619 85 735 138 servitute,
751 106 819 132 suem,

193 163 210 192 ·r
226 147 379 207 inquisitiones
390 152 414 192 et
423 145 528 206 loquendi
539 145 687 207 audiendique
697 150 819 196 commerci

189 212 309 258 ienzoriam
320 225 409 272 quoque
419 211 489 273 ipsam
500 226 552 257 cum
560 226 617 257 voce
626 211 808 272 perdidissemus,

184 292 218 322 m
231 278 254 321 in
266 274 345 322 nostre
354 282 464 338 potestate
474 283 534 322 esset
545 275 652 331 oblivisci,
664 292 731 337 quarn
743 286 819 325 tacere

206 339 254 387 111.
275 339 346 387 Nunc
360 341 450 387 demum
465 341 523 386 redit
538 341 638 387 animus:
662 350 685 387 et
700 358 819 404 quamquar

179 407 246 451 rimo
258 407 333 452 statim
344 405 465 451 beatissimi
473 405 550 452 saeculi
559 412 616 460 ortu,
629 405 709 453 Nerva
718 405 819 456 Caesarn

174 472 229 517 olim
244 470 393 516 dissociabiles
409 471 529 525 miscuerit,
544 471 693 532 principatum
710 486 738 518 ac
752 473 819 519 libert

174 543 228 588 tem,
249 543 374 598 augeatque
390 535 490 594 quotidie
507 534 636 581 felicitatem
656 536 745 597 imperii
764 536 819 584 Nem

173 600 292 662 Trajanus,
304 615 346 645 nec
357 615 420 660 spem
431 600 498 645 modo
510 615 536 647 ac
544 608 623 646 votum
631 602 742 648 securitas
749 601 819 663 publi(

174 666 216 712 sed
234 665 303 726 ipsius
320 664 368 709 voti
384 663 486 710 fiduciam
502 679 529 711 ac
543 665 616 719 robur,
635 668 784 724 assumserit;
804 681 815 713 r

175 727 226 777 turri
238 737 313 775 tamen
323 728 458 775 infirmitatis
469 730 581 785 humanae,
596 730 694 775 tardiora
706 738 761 776 sunt
773 745 811 779 reu

176 796 219 850 dio,
232 809 298 855 quarn
310 794 383 851 ms1o3
400 800 431 850 et,
442 801 467 840 ut
478 809 571 855 corpore
581 793 644 839 lente
653 803 789 855 augescunt,
799 811 807 841 ι

176 861 362 922 exstinguuntur,
374 859 406 905 sic
416 859 508 921 ingenia
518 858 634 919 studisque
643 859 783 920 oppresseris
793 860 804 906 f

176 925 227 980 lius,
244 938 312 984 quam
327 925 475 970 revocaveris.
508 922 573 971 Subit
589 923 671 985 quippe
688 924 758 971 etiam
777 925 799 987 ip

176 990 266 1036 inertiae
280 987 387 1035 dulcedo:
413 996 436 1035 et
452 988 525 1035 inrisa
541 988 614 1050 primo
631 986 717 1035 desidia
732 997 794 1051 postr

175 1062 272 1101 amatur.
300 1052 368 1109 Quid,
379 1053 398 1100 si
409 1068 449 1114 per
459 1053 585 1114 quindecim
596 1067 674 1107 annos,
686 1054 776 1114 grande
786 1070 790 1099 τ

177 1119 229 1165 talis
238 1118 281 1165 aevi
289 1121 395 1180 spatium,
403 1118 467 1164 multi
475 1118 573 1165 fortuitis
580 1118 673 1172 casibus,
681 1119 786 1179 promtis:

178 1184 274 1244 quisque
291 1181 377 1233 saevitiir
392 1183 504 1245 principis,
519 1180 699 1249 interciderunt?
723 1182 782 1233 Paur

178 1257 205 1295 ut
215 1249 248 1294 ita
261 1247 362 1302 dixerim,
378 1263 424 1294 non
440 1248 508 1295 modo
522 1248 623 1302 aliorum,
639 1246 679 1293 sed
693 1248 764 1297 etiam

179 1312 311 1375 superstites
326 1327 419 1369 sumus;
439 1312 535 1359 exemtis
549 1328 563 1359 e
576 1309 650 1358 medis
663 1310 712 1359 virt
726 1320 764 1361 tot

277 1378 369 1418 num-m,
380 1378 408 1423 ad
419 1386 564 1433 senectutem,
580 1392 646 1424 ⁸211&
659 1392 731 1440 12¹⁰P⁶
745 1379 771 1427 Β(

538 1441 647 1478 stantium
656 1442 749 1478 vondmss
