1680 3188
148 202 151 210 .
168 154 218 205 DE
235 152 465 205 ORATORIBUS.
481 149 542 203 Car.
554 157 594 202 28·
664 156 715 206 259

52 287 113 335 enim
128 287 227 334 excoluit
240 288 371 342 orationem,
387 285 474 348 primus
484 291 508 332 et
518 284 593 333 verbis
605 283 718 332 delectum

50 352 151 400 adhibuit
161 359 186 398 et
196 352 353 414 compositioni
364 357 442 405 artem,
450 350 513 397 locos
523 365 612 411 quoqne
619 349 720 397 laetiores

52 417 179 471 attentavit,
196 423 220 464 ct
236 416 345 477 quasdam
357 416 478 462 sententias
488 415 591 471 invenit3
607 415 684 476 utique
694 414 719 461 in

51 483 88 529 bis
100 482 243 537 orationibus,
260 495 316 542 quas
327 482 402 527 senior
412 482 461 543 jam
477 486 501 527 et
507 481 575 543 Juxta
584 478 653 526 finem
664 479 720 528 vite
730 492 732 507 ¹

52 548 187 607 composuit,
195 547 218 593 id
229 552 270 600 est,
281 552 399 607 postqum
407 544 618 608 magisproiecerat,
631 558 719 606 usuque

52 618 77 659 et
88 611 249 674 experimentis
258 611 372 664 didicerat,
388 610 448 672 quod
456 611 568 671 optimum
577 609 666 659 dicendi
676 625 719 672 ge·

53 693 97 724 nus
114 683 182 724 esset.
215 674 277 723 Nam
294 676 380 737 priores
395 677 444 738 eJ'us
460 675 632 723 orationes'uon
643 681 722 722 carent
758 671 761 675 ’

52 741 115 790 vitiis
126 741 280 803 antiquitatia3
296 742 371 788 lentus
382 748 417 788 est
427 741 451 787 in
461 740 582 804 principiis,
599 740 682 802 longus
696 740 721 786 in

54 806 225 861 narrationibus,
241 807 327 854 otiosus
337 807 397 853 circa
407 820 528 863 excessum
545 806 608 852 tarde
618 820 720 853 commo·

53 880 134 929 vetur3
148 887 198 919 raro
208 871 337 928 incalescit;
348 873 413 933 pauci
424 886 504 918 senous
514 877 566 933 apte
574 878 656 917 etcum
664 885 721 932 quo·

54 938 107 985 dam
118 937 204 984 lumine
214 937 377 984 terminantur:
396 936 453 983 nihil
468 950 595 997 excerpere,
613 935 667 981 nihil
684 949 721 982 re·

54 1001 115 1049 serre
131 1003 218 1064 possis:
237 1010 267 1059 et,
283 1001 381 1049 velutin
392 994 441 1048 ruii
456 1000 557 1055 aedificio,
573 999 651 1046 finnus
667 1014 722 1048 sana

54 1067 129 1130 pariet
140 1075 163 1114 et
173 1068 299 1123 duraturus,
316 1067 356 1114 sed
366 1082 413 1114 non
424 1068 478 1114 satis
489 1066 601 1128 expolitus
611 1072 635 1111 et
645 1065 720 1127 splen

24 1176 26 1180 .
56 1133 121 1179 dens.
144 1131 200 1195 Ego
206 1139 282 1180 autem
294 1141 413 1187 oratorem,
425 1132 483 1179 sicut
493 1131 626 1193 locupletem
638 1144 663 1177 nc
671 1130 722 1177 lau·

55 1203 104 1244 turn
115 1197 299 1260 patremfamiliae,
316 1213 362 1244 non
380 1213 408 1244 eo
423 1203 510 1244 tautum
528 1197 581 1243 volo
593 1202 653 1242 tecto
664 1194 719 1257 tegi,

56 1262 118 1324 quod
130 1263 223 1310 imbrem
234 1278 261 1310 ac
271 1269 366 1311 ventum
378 1269 461 1319 arceat,
479 1263 518 1309 sed
533 1261 601 1308 etiam
615 1261 675 1322 quod
685 1259 721 1306 ri-

56 1343 107 1376 tum
118 1335 142 1374 et
152 1328 230 1376 oculos
240 1328 350 1375 delectet:
370 1344 416 1376 non
427 1324 454 1374 ei
465 1328 537 1375 solum
551 1326 632 1373 instrui
648 1325 723 1387 supel-

55 1392 137 1447 lectile,
154 1409 206 1455 quae
223 1393 354 1440 necessariis
373 1393 449 1440 usibus
466 1392 575 1448 sufficiat;
593 1391 632 1438 sed
644 1390 723 1438 sintin

56 1464 162 1520 apparatu
171 1460 220 1522 ejus
231 1465 254 1504 et
264 1473 343 1505 aurum
355 1465 378 1505 et
388 1473 492 1520 gemmae,
504 1464 529 1504 ut
540 1471 628 1503 sumere
639 1456 661 1502 in
672 1470 722 1503 ma·

57 1539 101 1570 nus
112 1530 135 1570 et
145 1523 259 1586 adspicere
270 1523 352 1584 sapius
365 1522 446 1570 libeat:
466 1522 569 1583 quaedam
580 1537 634 1569 vero
644 1519 724 1584 procul

56 1595 182 1645 arceantur,
200 1595 226 1636 ut
238 1589 288 1651 J'am
302 1587 418 1634 obliterata
434 1596 457 1633 et
474 1588 571 1634 olentia:
591 1587 678 1633 nullum
695 1587 725 1633 sit

58 1654 151 1701 verbum
163 1654 225 1700 velut
237 1653 340 1716 rubigine
349 1652 466 1706 infectum,
478 1652 533 1699 nulli
544 1667 623 1699 seusus
630 1649 694 1698 tardi
701 1657 725 1699 et

56 1719 124 1766 inerti
135 1715 252 1773 structuri,
269 1719 293 1764 in
304 1733 391 1764 morem
406 1718 527 1772 annalium,
544 1723 723 1779 componantur;

56 1783 131 1846 fugiat
140 1783 224 1831 foedam
236 1790 259 1830 et
269 1783 376 1830 insulsam
387 1783 561 1840 scurrilitatem
577 1782 649 1830 variet
659 1796 722 1829 com·

58 1850 200 1912 positionem,
209 1863 252 1896 nec
263 1863 342 1897 omnes
352 1847 464 1896 clausulas
474 1863 521 1896 uno
532 1856 555 1895 et
565 1847 645 1895 eodem
655 1847 724 1895 modo

58 1915 172 1962 terminet.

92 1977 193 2026 xxm.
219 1984 234 2008 ‘⁴
249 1978 312 2027 Nolo
329 1980 422 2028 irridere
444 1986 452 2009 ⁴
470 1985 544 2026 rotam
560 1974 674 2032 fortunm'
699 1982 724 2024 et
806 1987 817 2002 ‘

58 2050 65 2074 ‘
71 2046 113 2107 jus
123 2041 262 2100 veranum?
279 2051 303 2092 et
312 2045 373 2100 illud,
385 2046 452 2092 tertio
462 2058 553 2106 quoque
563 2057 631 2091 sensu
641 2043 665 2090 in
673 2056 724 2089 om·

59 2111 126 2157 nibus
136 2110 273 2158 orationibus
283 2126 324 2172 pro
335 2108 447 2158 sententiis
457 2109 562 2170 positum,
579 2115 586 2138 ⁸
597 2122 647 2154 osse
660 2108 724 2154 vitle-

57 2173 123 2223 atur·’
157 2174 219 2222 Nam
227 2183 250 2222 et
260 2176 304 2222 boc
314 2176 399 2224 inritus
407 2175 479 2230 retuli,
491 2181 515 2220 et
521 2174 585 2235 plura
592 2172 665 2227 omisi,
673 2187 725 2234 qun

57 2247 135 2288 nmen
146 2240 194 2287 sola
203 2241 313 2288 mirantur
323 2248 392 2303 atque
403 2242 532 2304 exprimunt
549 2238 579 2294 bi,
597 2238 635 2297 qui
647 2252 672 2284 se
682 2248 723 2283 an·

57 2307 134 2366 tiquos
144 2314 246 2353 oratores
256 2313 347 2354 vocant.
379 2304 502 2353 Neminem
513 2303 639 2356 nominabo,
651 2315 724 2364 geom

57 2370 175 2418 hominum
190 2369 293 2434 signiam
308 2379 440 2418 contentus:
461 2371 500 2418 sed
511 2369 574 2417 vobis
585 2368 662 2428 utique
673 2381 724 2412 ver·

58 2444 138 2484 santur
155 2444 207 2483 ante
224 2437 308 2489 oculos,
329 2437 367 2497 qui
386 2435 501 2484 Lucilium
519 2450 561 2498 pro
580 2432 686 2487 Horatio,
703 2438 727 2479 et

59 2500 194 2549 Lucretium
212 2517 253 2560 pro
272 2501 378 2564 Virgilio,
394 2502 489 2563 legunt;
506 2501 586 2560 quibus
600 2497 727 2560 eloquentia

59 2566 93 2613 tui
106 2564 191 2613 Aufidii
202 2565 277 2620 Bassi,
294 2575 333 2614 aut
344 2567 436 2615 Servilii
445 2566 556 2621 Noniani,
569 2577 727 2623 excompsxa‘

54 2631 118 2676 tione
134 2630 242 2680 Sisennae
257 2643 298 2682 aut
314 2632 441 2692 Varronis,
458 2633 557 2688 sorim
569 2629 615 2691 axii
628 2628 754 2672 metonae
808 2676 811 2681 ,
828 2684 835 2693 ἢ

44 2700 181 2745 cornorum
196 2703 393 2753 commentarios
411 2701 553 2756 iustiniani,
569 2695 687 2744 meruit,
699 2679 805 2761 VN}
