1680 3188
70 123 176 177 J.C.66·
213 125 406 175 ANNALIUM
423 127 658 178 LanXV..CAr.61'.
692 134 738 180 129

72 272 190 321 generem,
199 263 224 303 et
235 254 467 318 solacorporisforms
478 260 662 309 commendatam.
674 261 740 307 amici

72 322 220 369 matrimonio
232 321 358 368 abstulerat.
386 321 477 368 Nomen
492 324 590 371 mulieris
602 327 669 372 Arria
682 325 739 372 Gal-

72 388 111 444 la;
127 387 198 449 priori
210 387 297 435 marito.
307 385 423 433 Domitius
435 386 509 434 Silus:
530 390 566 435 hic
573 389 690 466 patientid,
701 390 740 437 illa

74 450 222 514 inpudicitiai,
233 450 322 497 Pisonis
334 451 445 497 infamiam
457 468 614 515 propagavere.

108 516 165 563 LX.
185 514 316 562 Proximam
328 530 405 562 necem
418 516 498 562 Plautii
515 517 628 573 Laterani,
640 519 739 565 consulit

76 581 197 643 designati,
210 580 275 626 Nero
285 581 392 641 adjungit,
405 582 460 627 adeo
471 597 571 643 propere,
584 590 665 629 utnon
677 599 739 631 com·

75 646 145 708 plecti
161 647 251 699 liberos,
269 660 315 690 non
326 645 380 690 illud
390 646 458 691 breve
474 647 552 693 mortis
564 647 676 693 arbitrium
688 664 739 709 per·

76 711 186 766 mitteret.
219 709 307 770 Raptus
318 710 341 755 in
355 709 429 756 locum
442 711 558 757 servilibus
570 713 644 773 poenis
655 712 739 773 seposi-

76 782 133 831 tum,
146 790 215 822 manu
227 774 298 828 Statii,
310 774 397 828 tribuni,
406 776 533 830 trucidatur,
544 776 623 837 plenus
634 783 740 823 constan·

76 840 107 887 tis
119 840 209 893 silentii,
225 854 266 885 nec
283 839 372 885 tribuno
389 840 494 900 objiciens
511 841 610 887 eamdem
623 841 740 888 conscien-

78 904 143 952 tiam.
184 904 288 964 Sequitur
307 903 380 949 caedes
401 904 483 950 Annaei
503 905 602 960 Senecae,
625 906 741 954 laetissima

78 969 181 1032 principi,
199 983 244 1014 non
259 969 310 1028 quia
321 968 480 1029 conjurationis
496 969 637 1016 manifestum
650 986 742 1033 compe·

78 1042 145 1088 reret,
158 1033 198 1079 sed
209 1041 234 1078 ut
244 1031 303 1078 ferro
314 1042 459 1094 grassaretur,
474 1035 563 1093 quando
575 1050 685 1081 venenum
695 1051 740 1082 non

78 1105 227 1161 processerat.
246 1097 313 1143 Solus
323 1097 404 1158 quippe
416 1097 505 1143 Natalis
516 1108 539 1144 et
549 1099 657 1146 hactenus
664 1115 740 1160 prom·

79 1163 123 1220 sit:
143 1163 237 1209 missum
256 1177 282 1208 se
300 1162 327 1209 ad
345 1171 456 1223 aegrotum
472 1163 587 1218 Senecam,
608 1165 639 1210 uti
652 1165 741 1220 viseret,

79 1236 304 1287 conquerereturque,
322 1242 362 1273 cur
377 1226 483 1273 Pisonem
500 1228 560 1273 aditu
575 1228 676 1275 arceret?
692 1244 741 1275 me·

78 1292 123 1340 lius
139 1292 195 1346 iore,
207 1293 225 1338 si
237 1291 356 1342 amicitiam
371 1291 473 1338 familiari
488 1308 610 1354 congressu
627 1294 740 1339 exercuis-

80 1364 138 1404 sent.
170 1356 203 1403 Et
216 1346 356 1417 resp‘ondisse
376 1357 498 1410 Senecam:
518 1372 632 1404 sermones
651 1364 742 1404 mutuos

79 1429 103 1469 et
111 1422 188 1469 erebra
199 1421 309 1482 colloquia
320 1422 392 1467 neutri
404 1422 541 1468 conducere:
562 1430 667 1470 caeterum
680 1422 740 1468 salu-

79 1494 126 1535 tem
146 1501 209 1543 suam
223 1486 376 1532 incolumitate
396 1485 485 1532 Pisonis
502 1487 573 1534 inniti.
608 1486 668 1533 Haee
683 1487 742 1534 ferre

79 1549 179 1600 ennius
191 1552 304 1607 Silvanus,
316 1552 417 1597 tribunus
428 1552 539 1612 praetoriae
553 1553 659 1608 cohortis,
671 1561 700 1606 et,
712 1567 742 1598 an

78 1617 140 1663 dicta
159 1616 248 1662 Natalis
265 1631 348 1675 suaque
365 1631 471 1676 responsa
490 1625 599 1670 nosceret,
616 1617 741 1678 percontari

79 1681 191 1730 senecam
196 1681 295 1743 jubetur.
310 1679 340 1733 Is,
353 1679 417 1735 forte,
429 1695 458 1726 an
469 1682 572 1743 prudens,
583 1684 671 1728 adeum
682 1682 741 1729 diem

78 1761 109 1793 cx
118 1743 243 1807 Campaniai
254 1752 397 1799 remeaverat,
409 1758 556 1807 quartumque
567 1746 625 1808 apud
636 1747 740 1808 lapidem,

79 1811 206 1869 suburbano
222 1825 273 1856 rure
287 1811 422 1856 substiterat.
454 1809 498 1857 Illo
515 1811 638 1873 propinqui
649 1808 743 1872 vesperi

79 1876 183 1931 tribunus
195 1875 262 1929 venit,
272 1884 294 1922 et
305 1876 380 1921 villam
389 1875 461 1936 globis
472 1876 567 1922 militum
579 1877 653 1936 sepsit.
680 1875 741 1922 Tum

79 1941 130 2000 ipsi,
149 1955 200 1986 cum
221 1938 330 2000 Pompeii
342 1938 436 1986 Paulini
447 1956 517 1986 uxore
532 1950 555 1986 et
569 1941 646 1988 anricis
657 1940 741 1988 duobus

78 2005 186 2067 epulanti,
198 2005 302 2050 mandata
312 2006 449 2065 imperatoris
460 2006 535 2051 edidit.

114 2068 184 2116 Lx1.
201 2069 294 2124 Seneca,
313 2070 406 2115 missum
426 2070 453 2114 ad
472 2085 495 2114 se
514 2069 625 2123 Natalem,
643 2083 741 2130 conque·

80 2140 186 2194 stumque
197 2135 288 2181 nontine
299 2133 396 2188 Pisonis,
415 2134 475 2193 quod
491 2149 504 2179 a
521 2133 614 2180 visendo
628 2149 655 2180 eo
666 2134 742 2196 prohi-

79 2200 176 2252 beretur,
188 2213 257 2258 seque
272 2199 380 2244 rationem
392 2197 524 2244 valetudinis
536 2210 559 2243 et
570 2213 668 2244 amorem
679 2199 742 2259 quie·

79 2264 110 2310 tis
121 2265 271 2316 excusavisse,
291 2263 411 2324 respondit.
445 2261 493 2310 Cur
504 2262 597 2309 salutem
610 2263 690 2323 privati
701 2264 742 2309 ho·

79 2329 148 2374 minis
165 2326 311 2374 incolumitati
331 2343 378 2373 suae
396 2326 522 2381 anteferret,
540 2343 629 2374 causam
645 2343 691 2373 non
702 2328 742 2374 ha·

79 2393 169 2438 buisse:
190 2407 232 2438 nec
244 2393 283 2437 sibi
296 2399 408 2453 promtum
420 2392 443 2440 in
455 2392 593 2438 adulationes
608 2393 740 2453 ingenium:

79 2457 147 2517 idque
160 2457 215 2503 nulii
225 2457 298 2518 magis
309 2471 412 2517 gnarum,
428 2471 494 2517 quam
506 2455 601 2509 Neroni,
612 2456 649 2516 qui
661 2457 743 2518 saepius

79 2521 205 2570 libertatem
223 2521 323 2575 Senecae,
341 2537 407 2581 quam
428 2521 542 2567 servitium
560 2528 665 2582 expertus
676 2528 744 2568 esset.

83 2585 128 2636 Ubi
140 2587 214 2632 lraeca
231 2587 320 2632 tribuno
331 2586 401 2633 relata
412 2593 471 2643 sunt,
483 2583 588 2650 Poppaeia
597 2593 622 2633 et
627 2585 750 2650 'Sigalion

69 2663 152 2706 wem,
159 2650 228 2710 guod
238 2657 288 2699 erat
298 2653 407 2703 saevienti
418 2655 520 2722 principi
528 2655 645 2705 inimum
655 2651 767 2702 esurus·
