1680 3188
90 515 123 560 42
155 496 615 561 ANNALIUMmem.cn.1u?
638 515 756 564 neon.

93 643 197 704 quamvis
208 643 267 689 inter
278 657 340 689 sacra
351 657 445 700 mensae,
464 657 494 689 ne
510 650 612 705 tempore
628 642 719 703 quidem
729 642 759 690 ed

93 708 235 770 complexum
248 709 319 754 sorori
331 709 389 762 dato,
407 717 459 754 ante
478 707 555 754 oeulos
573 708 657 754 inimici
674 722 758 769 prope·

94 781 142 819 rata
154 774 189 826 sit,
207 774 231 819 in
246 773 308 818 illum
320 787 448 834 supremum
461 769 605 819 Claudiorum
617 774 758 834 sanguinem,

95 846 173 899 stupro
183 838 246 898 prius
256 852 322 897 quam
331 852 419 883 veneno
430 837 547 898 pollutum.
579 836 758 883 Festinationem

96 903 253 962 exsequiarum
265 902 337 948 edicto
355 899 434 949 Caesar
445 901 549 955 defendit,
567 915 580 946 a
591 902 711 962 majoribus
722 902 759 947 in-

96 967 200 1013 stitutum
219 965 323 1020 referens,
344 966 472 1012 subtrahere
490 966 561 1010 oeulis
579 966 658 1011 acerba
671 965 760 1021 funera,
782 1001 785 1005 .

96 1046 170 1092 neque
179 1031 343 1077 laudationibus
362 1038 400 1077 aut
411 1028 493 1091 pompd
503 1030 610 1075 detinere.
643 1027 759 1077 Caeterum

98 1103 121 1142 et
133 1097 180 1149 sibi,
192 1096 275 1141 amlsso
288 1094 363 1141 fratris
373 1095 463 1147 auxilio,
480 1094 575 1154 reliquas
586 1109 636 1155 spes
647 1095 670 1140 iu
682 1095 760 1156 repub.

98 1162 166 1207 sitas:
187 1167 290 1206 ettanto
308 1159 380 1220 magis
391 1159 513 1205 fovendum
524 1158 622 1219 patribus
633 1159 761 1220 populoque

97 1226 228 1287 principem,
247 1225 285 1285 qui
302 1239 360 1271 unus
371 1231 496 1286 superesset
514 1221 627 1275 efamilit,
647 1239 760 1272 summum

22 1336 30 1351 ,
99 1291 127 1336 ad
135 1289 250 1350 fastigium
261 1288 346 1349 geniti.
369 1288 431 1362 lglxin
439 1289 558 1350 largitione
566 1289 694 1349 potissimos
705 1290 762 1335 ami-

97 1355 256 1401 corumauxit.
338 1365 343 1377 ·

131 1418 231 1465 XVIII.
247 1419 299 1466 Nec
310 1419 405 1474 defuere,
422 1421 460 1480 qui
478 1427 598 1483 arguerent
612 1419 673 1466 viros
683 1419 762 1480 gravi-

99 1490 169 1530 tatem
181 1491 341 1538 asseverantes,
357 1485 417 1545 quod
428 1486 513 1539 domos,
524 1486 596 1539 villas,
613 1485 636 1531 id
647 1485 761 1546 temporis,

100 1549 163 1608 quasi
180 1550 277 1610 praedam
295 1550 429 1596 divisissent.
462 1551 508 1596 Alii
525 1550 681 1596 necessitatem
698 1549 762 1595 adbi-

99 1614 168 1659 bitam
184 1615 302 1660 credebant
321 1615 449 1675 aprincipe,
470 1615 559 1660 sceleris
578 1614 619 1660 sibi
633 1615 724 1661 conscio
740 1625 764 1660 et

100 1678 190 1724 vemam
203 1687 310 1738 sperante,
324 1679 341 1726 si
351 1680 505 1740 largitionibus
513 1680 674 1725 valdissimum
683 1693 762 1739 quern·

101 1759 146 1804 que
157 1744 318 1790 obstrinxisset.
350 1743 384 1790 At
395 1744 473 1789 matris
483 1745 516 1789 ira
534 1743 596 1791 nulli
611 1741 765 1805 munificentiis

101 1809 173 1861 lenin',
194 1809 232 1853 sed
247 1808 351 1869 amplecti
371 1808 503 1856 Octaviam:
523 1809 599 1854 crebra
616 1823 667 1855 cum
685 1809 764 1854 amicis

102 1880 189 1919 secreta
200 1872 294 1918 babere:
314 1888 381 1934 super
391 1874 515 1933 ingenitam
527 1873 647 1927 avaritiam,
666 1874 764 1934 undique

101 1937 214 1999 pecunias,
231 1938 292 1997 quasi
305 1938 326 1982 in
340 1939 467 1992 subsidium,
480 1939 603 1999 corripere;
623 1938 725 1984 tribunos
742 1944 765 1984 et

103 2003 245 2048 centuriones
264 2003 358 2048 comiter
374 2004 492 2064 excipere;
518 2003 608 2049 nomina
627 2010 650 2048 et
669 2003 765 2049 virtutes

102 2067 216 2119 nobilium,
235 2068 272 2127 qui
292 2069 359 2112 etiarn
377 2075 424 2113 turo
442 2077 577 2129 supererant,
593 2068 615 2112 in
627 2068 764 2114 bonoreha-

101 2131 170 2180 bere:
187 2133 249 2190 quasi
269 2140 380 2191 quaereret
396 2134 474 2178 ducem
486 2141 509 2178 et
524 2139 605 2193 partes.
638 2130 764 2194 Cognitum

102 2197 125 2242 id
145 2195 248 2253 Neroni;
266 2196 414 2256 excubiasque
431 2198 544 2248 militares,
564 2212 620 2257 quae,
633 2204 659 2243 ut
673 2197 766 2259 conjugi

103 2261 244 2322 imperatoris
260 2261 321 2314 olim,
341 2269 388 2307 tum
408 2269 431 2307 et
446 2272 471 2308 ut
490 2262 554 2307 matri
573 2262 724 2317 servabantur,
742 2268 766 2309 et

105 2326 240 2379 Germanos,
259 2342 325 2387 super
336 2327 439 2373 eumdem
455 2326 570 2380 honorem,
586 2327 690 2372 custodes
702 2326 765 2373 addi-

104 2397 146 2443 tos,
165 2391 256 2450 degredi
265 2392 336 2451 jubet.
369 2392 412 2444 Ac,
432 2407 461 2436 ne
478 2402 539 2437 coetu
558 2391 702 2437 salutantium
718 2390 766 2438 fre·

103 2463 253 2515 quentaretur,
266 2464 353 2516 separat
364 2457 462 2510 domum,
475 2464 613 2515 matremque
624 2455 730 2503 transfert
741 2456 765 2504 in

103 2533 160 2571 earn,
173 2535 224 2578 quae
240 2520 348 2567 Antoniae
359 2520 445 2577 fuerat;
463 2521 550 2582 quotics
569 2521 616 2582 ipse
626 2521 679 2566 illue
690 2522 764 2567 venti-

102 2590 166 2638 taret,
179 2593 255 2645 septus
267 2585 330 2631 turbai
341 2587 504 2641 centurionum,
522 2594 545 2631 et
555 2595 607 2647 post
617 2585 685 2632 breve
697 2601 765 2632 oscu-

101 2648 147 2694 lum
160 2648 294 2709 digrediens.

132 2712 205 2759 XIX.
228 2713 294 2764 Nihil
313 2730 388 2762 rerum
408 2717 535 2763 mortalium
555 2723 601 2761 tam
620 2714 724 2761 instabile
739 2729 766 2761 ae

83 2773 177 2822 dunum
190 2786 231 2833 est,
253 2797 323 2842 quarn
342 2782 404 2830 sama
421 2783 540 2846 potentiae,
557 2795 607 2827 nou
620 2777 663 2824 sua
672 2781 700 2822 ’ἡ
710 2780 775 2823 rinna,

70 2836 163 2886 Statim
186 2845 298 2894 relictum
322 2849 469 2914 Agrippinae
487 2850 570 2896 limen,
608 2843 692 2888 Remo
710 2841 789 2911 satam,

22 2946 26 2953 ι
55 2909 134 2946 ”⁰³²⁰
147 2909 224 2965 adire,
248 2925 344 2976 praeter
361 2934 454 2981 pancas
467 2914 583 2966 feminas,
599 2920 683 2955 amore
697 2916 731 2946 au
739 2902 803 2950 omo,

16 2954 183 3074 &gem-'m'
225 2978 273 3029 Ex
284 2977 380 3046 quibus
403 2976 659 3034 eratJontssuana,
677 2973 803 3026 (imm

93 3040 163 3084 oraro
186 3039 223 3094 C.
245 3049 306 3100 Silii
330 3069 348 3104 a
361 3048 519 3104 Messalina
539 3041 679 3110 tequam,
700 3035 803 3085 mm
