1680 3188
63 115 160 158 icat.
196 108 390 160 ANNALIUM
401 108 454 158 Lm
463 107 538 158 XIII.
549 109 636 161 Cam.
696 112 728 161 st

61 243 199 296 dividuntur,
204 248 230 288 nt
237 241 439 304 parsauxiliurium,
446 257 498 288 cum
505 242 589 290 duabus
595 243 728 305 legionibus,

61 309 120 369 apud
127 307 268 369 provinciam
280 307 375 367 Syriam,
387 313 410 352 et
420 307 519 368 legatum
528 309 576 370 ejus
588 307 728 362 Quadratum

64 371 206 419 Ummidium
218 378 357 424 remanerem
374 386 413 432 par
424 371 506 417 civium
518 373 674 434 sociorumque
685 389 728 420 nu·

62 452 138 484 merus
159 435 284 498 Corbuloni
300 443 366 488 esset,
385 435 465 481 additis
484 438 611 484 cohortibus
628 439 728 499 aliisque,

63 517 115 562 quae
137 503 198 564 apud
221 500 385 563 Cappadociam
411 501 554 547 hiemabant:
578 504 633 548 socii
655 518 727 565 reges,

63 573 129 628 prout
146 567 208 613 bello
228 567 369 618 conduceret,
391 579 469 626 parere
484 565 550 626 jussi.
587 567 632 612 Sed
655 567 729 614 studia

64 645 142 677 eorum
153 632 179 677 in
191 629 343 679 Corbulonem
352 630 473 691 promtiora
480 637 560 686 erant;
572 632 616 690 qui,
626 639 651 678 ut
660 631 728 678 famae

64 695 191 750 inserviret,
204 711 255 756 quae
272 696 296 741 in
312 696 376 740 novis
391 695 470 756 coeptis
481 694 617 741 validissima
634 704 674 749 est,
688 696 726 742 iti·

64 775 118 806 nere
128 776 224 822 propere
239 759 349 813 conlecto,
366 759 423 820 apud
438 758 532 820 AEgeas,
544 760 658 806 civitatem
671 758 727 808 Cili-

64 825 111 880 ciae,
124 826 214 872 obviam
224 824 365 879 Quadratum
373 824 457 880 habuit,
469 823 522 869 illuc
529 840 680 886 progressum,
692 839 728 880 ne,

65 890 122 936 eiad
133 890 274 951 accipiendas
285 891 360 950 copias
371 889 460 948 Syriam
475 888 603 934 intravisset
621 887 728 944 Corbulo,

65 955 166 1001 omniurn
182 970 222 1001 ora
238 955 262 1000 in
280 970 305 1000 se
318 960 421 1006 verteret,
440 968 533 1013 corpore
549 954 637 1014 ingens,
655 955 728 1001 verbis

64 1019 206 1082 magnificus,
226 1025 255 1073 et,
278 1033 345 1079 super
366 1017 524 1078 experientiam
546 1019 727 1079 sapientiamque,

63 1085 130 1131 mam
139 1085 214 1146 specie
222 1084 321 1129 inanium
329 1083 422 1128 validus.

96 1147 143 1194 lx.
160 1147 276 1196 Caeterum
294 1153 387 1207 uterque
403 1147 535 1211 Vologesen
552 1165 628 1210 regern
645 1149 730 1196 nuntiis

64 1215 192 1267 monebant,
203 1227 281 1274 pacem
293 1228 359 1273 quam
369 1213 452 1258 bellum
463 1215 545 1266 mallet,
557 1215 658 1274 datisque
668 1215 730 1261 obsi·

65 1279 135 1333 dibus,
147 1278 237 1324 solitam
248 1278 356 1339 prioribus
367 1279 514 1323 reverentiam
525 1279 549 1323 in
560 1279 666 1339 populum
678 1279 728 1324 Ro·

65 1357 157 1390 manum
166 1345 316 1396 continuaret.
332 1349 336 1359 ¹
350 1341 382 1388 Et
400 1341 534 1404 Vologeses,
550 1357 596 1403 quo
606 1343 689 1388 bellum
700 1357 730 1390 ex

66 1408 186 1455 commodo
196 1415 290 1469 pararet,
310 1423 345 1461 an,
357 1414 382 1453 ut
394 1408 542 1453 aemulationis
554 1414 677 1468 suspectos,
688 1423 729 1469 per

67 1488 151 1520 nomen
162 1473 271 1525 obsidum,
283 1478 403 1525 amoveret,
416 1473 483 1518 tradit
494 1472 642 1519 nobilissimos
651 1488 680 1518 ex
693 1473 728 1519 fa·

66 1537 126 1584 milit
145 1536 313 1584 Arsacidarum.
345 1536 484 1598 Accepitque
501 1553 540 1583 eos
555 1539 656 1584 centurio
671 1535 728 1584 His-

66 1604 132 1658 teins,
143 1604 172 1650 ab
184 1601 302 1648 Ummidio
309 1601 391 1647 missus
399 1601 456 1647 forte
463 1602 537 1662 priore
545 1602 573 1648 de
584 1601 658 1656 eausb,
670 1603 729 1648 adito

66 1683 127 1730 rege.
163 1666 233 1721 Quod
246 1675 364 1728 postquam
377 1663 499 1712 Corbuloni
511 1667 627 1727 cognitum
639 1674 679 1720 est,
696 1667 729 1713 ire

66 1732 200 1794 praefectum
215 1732 321 1784 cohortis,
341 1730 432 1776 Arrium
448 1729 542 1781 Varum,
561 1740 584 1776 et
600 1747 730 1794 recuperare

67 1798 155 1844 obsides
162 1799 235 1860 jubet.
269 1795 333 1842 Hinc
344 1805 418 1841 ortum
429 1797 487 1841 inter
498 1795 629 1856 praesectum
642 1805 664 1842 et
675 1812 728 1842 cen-

25 1857 28 1862 ’
66 1864 178 1909 turion
183 1861 285 1924 jurgium
294 1876 324 1906 ne
331 1860 414 1906 diutius
423 1861 520 1906 externis
529 1862 655 1920 spectaculo
664 1868 730 1916 esset,

66 1928 181 1974 arbitrium
198 1927 230 1973 rei
246 1925 358 1972 obsidibus
368 1925 498 1986 legatisque,
515 1927 553 1985 qui
564 1941 603 1971 eos
615 1927 730 1981 ducebant,

67 1993 210 2054 permissum.
244 1990 321 2050 Atque
337 1989 369 2035 illi
381 1991 408 2036 ob
420 1997 531 2036 recentem
542 1990 643 2051 gloriam.
660 1999 684 2036 et
694 1991 729 2036 in-

65 2058 188 2104 clinatione
198 2054 295 2115 quddam
305 2055 373 2101 etiam
387 2055 491 2106 hostium,
505 2052 656 2100 Corbulonem
671 2071 730 2115 prae·

67 2119 147 2168 tulere.
182 2119 251 2167 Unde
262 2119 372 2166 discordia
382 2120 440 2165 inter
451 2119 533 2175 duces;
551 2128 658 2178 querente
671 2119 730 2165 Um-

67 2187 144 2240 midio,
161 2193 278 2246 praerepto,
294 2199 345 2244 quae
356 2184 402 2229 suis
413 2183 511 2229 consiliis
521 2185 664 2244 patravisset:
685 2192 731 2231 tes·

67 2258 130 2298 tante
141 2257 223 2296 contra
234 2247 368 2303 Corbulone,
380 2263 425 2294 non
437 2249 498 2310 prius
509 2262 641 2295 conversum
654 2263 731 2308 regem

67 2316 95 2362 ad
106 2313 235 2362 offerendos
245 2314 339 2367 obsides
351 2328 416 2373 quam
428 2313 481 2374 ipse,
496 2313 542 2359 dux
557 2314 615 2359 bello
626 2312 731 2368 delectus,

69 2396 121 2441 spes
132 2381 182 2442 ejrm
193 2379 222 2425 ad
232 2385 318 2424 metum
329 2385 432 2424 mutaret.
453 2377 524 2433 Nero,
535 2393 579 2438 quo
588 2391 736 2437 componeret

67 2445 172 2493 diversos,
190 2445 225 2487 sic
235 2443 337 2504 evulgari
342 2444 429 2506 jussit:
452 2443 489 2494 Ob
505 2442 551 2501 res,
562 2461 579 2493 a
589 2443 713 2500 Quadrato
725 2451 754 2489 et

57 2503 189 2548 Cvtbvlvsse
204 2521 317 2568 prospere
332 2520 424 2572 gestas,
442 2513 539 2562 laurum
557 2512 669 2562 lasc'dtus
683 2509 767 2571 impe·

24 2565 137 2676 Jurqtgin
145 2566 206 2615 addi.
242 2571 314 2631 Quae,
337 2578 365 2627 in
381 2580 447 2632 alios
459 2582 579 2633 consules
592 2591 707 2647 egressaq
717 2589 784 2623 con·

57 2696 113 2732 705,
121 2699 152 2736 Π,
515 2719 518 2725 .

556 2738 578 2771 E
