1680 3188
60 109 164 154 r.c.ss
210 68 676 165 susumuuaaxmcnra
702 113 732 161 rr

62 254 138 288 mans.
172 237 233 294 Quia
251 245 327 287 umen
349 253 402 293 non,
422 245 448 285 ut
465 239 582 288 bominum
601 240 685 297 vultus,
701 241 735 291 ita

62 306 166 352 locorum
178 304 248 353 iacies
258 311 380 357 mutantur,
399 304 601 364 obversabaturque
619 307 687 355 maris
704 307 733 353 il·

20 388 22 394 ·
62 369 109 417 lius
120 377 144 417 et
155 369 247 417 litomm
258 369 336 431 gravis
347 368 465 430 adspectus
478 370 512 430 (et
524 375 595 423 erant,
607 371 645 430 qui
657 372 735 421 credo-

63 442 122 490 rent,
142 435 243 483 sonitum
265 435 325 480 tubae
342 434 436 484 collibus
447 434 531 479 circum
543 433 607 480 editis
618 435 734 496 planctus·

64 515 109 561 que
120 500 209 546 tumulo
221 500 300 546 matris
315 496 397 559 audiri)
412 497 533 560 Neapolim
551 500 670 556 concessit,
681 501 734 550 lite·

64 579 146 625 rasque
156 565 185 612 ad
197 572 300 612 senatum
312 564 379 617 misit,
391 578 484 624 quarum
497 579 584 610 summa
594 573 657 612 erat:

98 628 147 677 XI.
163 629 291 691 Repertum
299 644 350 675 cum
361 627 421 674 ferro
432 643 586 689 percussorem
598 630 734 691 Agerinum,

64 709 96 740 ex
113 694 200 741 intimis
216 694 350 757 Agrippinae
361 693 451 746 libertis,
464 700 492 739 et
502 694 571 740 luisse
581 709 630 740 eam
642 710 733 757 poeuam

65 758 211 812 consciendi,
228 758 273 821 quai
290 759 363 805 scelus
380 759 510 820 paravisset.
543 759 670 820 Adjiciebat
689 761 733 806 cri-

65 825 127 870 mina
138 825 230 886 longius
243 825 349 886 repetita;
367 824 426 884 quod
438 824 575 870 consortium
586 825 679 886 imperii,
692 826 733 888 ju·
818 843 821 859 ⁴

65 897 198 950 raturasque
208 890 233 934 in
240 889 332 935 feminae
343 889 410 935 verba
418 889 533 950 praetorias
541 890 651 946 cohortes,
660 891 734 938 idem·
748 904 749 908 ’

66 967 111 1013 que
121 954 220 1003 dedecus
232 953 323 1000 senatds
337 961 361 999 et
371 954 447 1014 populi
459 954 607 1014 speravisset:
628 971 659 1010 ac,
669 962 733 1016 post·

66 1033 161 1080 eaquam
172 1019 257 1065 frustra
276 1024 352 1080 optata
371 1020 423 1072 siut,
441 1019 528 1065 insensa
542 1019 606 1065 militi
621 1023 732 1082 patribus-

66 1098 110 1143 que
127 1092 152 1130 et
162 1083 228 1145 plebi,
244 1084 385 1131 dissuasisset
404 1083 534 1130 donativum
550 1092 573 1130 et
584 1086 733 1146 congiarium,

66 1149 210 1210 periculaque
233 1149 287 1194 viris
306 1149 428 1194 illustribus
449 1149 599 1196 instruxisset
640 1150 734 1203 Quanto

68 1227 109 1259 suo
128 1213 205 1259 labore
219 1220 378 1274 perpetratum,
397 1228 426 1260 ne
442 1213 575 1274 irrumperet
594 1215 684 1268 curiam,
705 1207 760 1262 nc*

68 1279 174 1340 gentibus
189 1278 290 1325 externis
304 1293 411 1340 responsa
422 1278 498 1324 daret!
526 1277 663 1340 Temporum
676 1294 733 1340 quo·

68 1357 112 1403 que
122 1340 301 1390 Claudianorum
313 1340 404 1402 obliqui
420 1343 573 1398 insectatione,
591 1352 673 1390 cuncta
684 1346 733 1406 ejus

68 1407 228 1455 dominationis
246 1406 333 1470 flagitia
350 1408 374 1452 in
391 1416 484 1455 matrem
503 1408 623 1462 transtulit,
645 1408 735 1470 publici

68 1471 160 1519 sortund
167 1473 303 1520 exstinctam
315 1471 428 1520 referens:
449 1487 545 1534 namque
556 1479 579 1520 et
590 1473 733 1536 naufragium

68 1539 188 1594 narrabat3
206 1538 268 1599 quod
286 1537 403 1584 fortuitum
421 1537 497 1594 fuisse,
520 1539 570 1599 quis
589 1539 645 1584 adeo
664 1539 734 1587 hebes

68 1603 214 1658 inveniretur,
233 1609 258 1649 ut
275 1602 393 1650 crederet?
418 1609 456 1649 aut
476 1617 489 1649 a
510 1603 603 1650 muliere
625 1602 735 1666 naufragi

68 1669 162 1716 missurn
174 1682 226 1722 cum
233 1666 284 1715 telo
298 1682 374 1722 unum,
390 1668 427 1728 qui
440 1669 549 1720 cohortes,
561 1676 585 1714 et
595 1668 679 1715 classes
690 1670 734 1714 im·

68 1733 178 1796 pessimis
189 1731 356 1796 perfringeret?
379 1731 444 1794 Ergo
461 1748 507 1778 non
519 1733 568 1794 jam
580 1732 650 1788 Nero,
671 1735 736 1796 qu'us

62 1797 199 1865 ⁸immanitas
210 1799 310 1844 omnium
321 1807 413 1860 questus
425 1799 527 1851 anteibat,
540 1798 579 1844 sed
590 1800 684 1845 adverso
694 1815 732 1845 ru·

68 1878 132 1911 more
147 1861 237 1910 seneca
254 1871 309 1919 erat,
326 1863 386 1924 quod
405 1863 505 1909 oratione
521 1864 559 1908 uli
570 1863 735 1911 consessionem

54 1936 57 1944 ⁴
69 1928 203 1989 scripsisset.

102 1990 166 2039 XII.
182 1992 245 2038 Miro
256 1999 332 2038 tamen
342 1992 593 2053 certamineprocerum
609 1993 735 2038 decernun-

67 2063 106 2104 tur
114 2056 288 2120 supplicationes
295 2058 353 2118 apud
362 2058 437 2104 omnia
445 2057 574 2119 pulvinaria
583 2064 652 2117 utque
659 2057 735 2111 Quin-

69 2130 171 2184 quatrus.
183 2122 262 2182 quibus
272 2129 356 2183 apenae
376 2130 451 2168 essent
466 2122 559 2176 insidiae,
579 2122 637 2168 ludis
654 2123 741 2170 annuis

69 2188 249 2234 celebrarentur:
269 2201 361 2233 aureum
373 2186 487 2233 Minervae
504 2187 645 2232 simulacrum
659 2187 681 2232 in
694 2202 734 2232 cu·

71 2249 111 2308 rit,
122 2260 147 2299 et
154 2253 222 2313 Juxta
232 2251 343 2314 principis
353 2252 430 2313 imago
441 2258 591 2299 statueretur:
612 2252 659 2298 dies
670 2257 735 2298 nata·
799 2308 802 2315 ,

70 2317 98 2363 lis
110 2316 245 2378 Agrippinae
256 2317 314 2363 inter
325 2315 426 2364 nefastos
436 2326 504 2362 esset.
536 2315 636 2363 Thrasea
648 2315 735 2372 Paetus,

72 2382 163 2430 silentio
181 2381 219 2428 vel
229 2383 298 2428 brevi
311 2397 402 2428 assensu
413 2382 499 2443 priores
511 2381 649 2428 adulationes
660 2389 735 2428 trans·

72 2448 164 2493 mittere
175 2447 261 2501 solitus,
281 2447 336 2493 exiit
357 2455 406 2493 tum
426 2456 520 2502 senatu;
539 2461 565 2492 ac
584 2447 624 2492 sibi
646 2461 736 2493 eausam

71 2511 166 2574 periculi
177 2509 239 2567 iecit,
252 2512 339 2558 caeteris
349 2512 458 2560 libertatis
469 2512 558 2557 initium
574 2527 619 2558 non
635 2512 742 2574 praebuit.

73 2575 184 2638 Prodigia
195 2591 284 2638 quoque
298 2578 378 2624 erebra
395 2583 418 2623 et
435 2577 498 2624 irrita
516 2574 680 2624 intercessere:
697 2593 740 2624 au·
816 2637 817 2640 Ἴ

66 2656 139 2705 guerr
150 2641 219 2690 enixa
229 2641 328 2695 muliera
348 2651 373 2695 et
394 2643 440 2697 alia
448 2645 477 2698 iu
488 2645 616 2697 cosmum
623 2641 762 2695 uersata*
