1680 3188
118 125 164 170 190
288 120 484 169 GERMANIA.
505 121 564 170 Car.
576 127 615 169 12.

116 253 261 313 hinnitusque
272 268 297 299 ac
308 252 411 300 fremitus
423 255 548 300 observant
575 252 626 299 Nec
638 253 678 298 ulli
689 253 788 314 auspicio

117 318 188 378 major
199 317 261 373 tides,
277 333 324 365 non
339 320 412 364 solum
427 320 485 381 apud
500 319 594 380 plebem,
610 318 651 364 sed
662 318 722 380 apud
734 332 787 379 pro·

117 397 188 436 ceres,
203 384 261 445 apud
278 383 418 431 sacerdotes:
441 400 465 430 se
479 384 540 431 enim
554 382 670 430 ministros
687 383 787 437 dearum,

116 447 168 493 illos
183 448 292 504 conscios,
306 456 394 510 putant.
427 449 471 495 Est
486 456 509 495 et
519 448 562 495 alia
573 449 701 495 observatio
712 448 788 509 auspi·

117 512 211 567 ciorum,
235 511 278 574 qud
297 515 402 576 gravium
420 515 528 560 bellorum
548 521 644 560 eventus
662 512 791 575 explorent.

117 576 177 638 Ejus
188 579 270 640 gentis,
286 594 338 624 cum
353 577 398 639 qud
408 579 490 625 bellurn
505 585 547 632 est,
562 580 684 640 captivum,
697 592 789 639 quoquo

118 643 187 687 modo
203 644 359 705 interceptum,
376 659 427 690 cum
444 645 516 690 electo
532 644 673 705 popularium
687 656 789 698 suorum,

117 707 196 769 patriis
211 723 322 769 quemque
338 709 412 763 armis,
429 710 585 754 committunt:
609 707 706 755 victoria
721 708 789 771 hujus

117 772 156 818 vel
166 772 226 818 illius
237 788 277 833 pro
289 774 417 834 praejudicio
429 774 543 834 accipitur.

152 834 200 883 Xl.
217 836 256 883 De
267 838 390 885 minoribus
401 839 466 885 rebus
478 837 588 901 principes
599 836 745 893 consultaut;
761 836 791 883 de

121 903 241 964 majoribus
253 917 346 958 omnes;
365 903 397 949 ita
408 910 490 958 tamen,
506 908 531 948 ut
545 917 572 948 ea
583 917 680 963 quoque,
694 915 791 962 quorum

120 982 190 1028 penes
202 967 289 1030 plebem
305 968 419 1013 arbitrium
434 976 474 1022 est,
490 968 550 1030 apud
563 968 677 1029 principes
690 972 790 1028 pertrec-

118 1040 201 1079 tentur.
234 1030 331 1086 Coeunt,
343 1033 386 1078 nisi
397 1034 450 1093 quid
459 1033 577 1080 fortuitum
588 1040 612 1079 et
623 1031 721 1079 subitum
733 1030 791 1077 iaci·

120 1097 183 1152 derit,
196 1099 263 1144 certis
273 1099 358 1151 diebus,
373 1113 425 1144 curn
439 1107 478 1145 aut
491 1099 609 1145 inchoatur
619 1097 680 1151 luna,
697 1102 737 1143 aut
747 1096 791 1141 im-

118 1162 203 1225 pletur:
226 1177 278 1209 nam
293 1163 387 1225 agendis
401 1164 467 1225 rebus
479 1164 522 1209 hoc
533 1162 737 1224 auspicatissimum
747 1159 792 1207 ini·

120 1227 178 1274 tium
195 1228 296 1274 credunt.
329 1227 381 1274 Nec
397 1229 482 1274 dierum
499 1243 625 1281 numerum,
641 1234 736 1281 utnos,
753 1224 793 1271 aad

120 1293 227 1347 noctium,
240 1300 383 1353 computant:
403 1293 435 1338 sic
446 1294 592 1347 constituunt.
608 1293 641 1338 sic
651 1291 790 1339 condicunt:

120 1371 168 1405 nox
179 1357 261 1403 ducere
271 1358 329 1403 diem
342 1357 437 1403 videtur.
469 1356 530 1404 Illud
540 1372 570 1403 ex
584 1356 688 1404 libertate
701 1355 793 1412 vitiam,

121 1421 184 1482 qnod
194 1436 240 1466 non
248 1422 323 1478 simul,
335 1437 377 1468 nec
385 1423 482 1484 utjussi‚
492 1422 641 1478 conveniunt3
655 1421 697 1467 sed
704 1419 793 1469 etalter

121 1495 146 1532 et
157 1486 236 1531 tertius
247 1487 294 1532 dies
305 1487 448 1533 cunctatione
459 1487 588 1533 co‘e'untium
599 1485 732 1533 absumitur·
757 1482 793 1533 Ut

121 1552 194 1597 surbae
204 1552 295 1612 placuit,
311 1553 430 1598 considunt
444 1551 531 1598 armati.
565 1551 686 1597 Silentium
700 1565 742 1612 per
755 1563 793 1597 ss·

120 1614 231 1670 cerdotes,
243 1616 321 1676 quibus
334 1626 382 1664 tum
394 1623 417 1663 et
428 1616 547 1663 coercendi
554 1616 594 1677 jus
604 1623 646 1670 est,
657 1616 790 1676 imperatur.

120 1679 183 1726 Mox
194 1695 239 1735 rex,
251 1682 288 1726 vel
299 1683 411 1742 princeps,
420 1690 489 1744 prout
499 1687 555 1727 retas
565 1680 653 1741 cuique,
668 1686 738 1741 prout
748 1694 791 1726 no·

120 1745 201 1798 bilitas,
212 1754 279 1806 prout
290 1747 359 1793 decus
369 1746 489 1804 bellorum,
499 1752 567 1808 prout
577 1744 682 1792 facundia
692 1751 734 1798 est.
750 1759 791 1791 su·

121 1809 219 1864 diuntur,
239 1813 372 1858 auctoritate
389 1812 496 1857 suadendi
515 1810 595 1872 magis,
613 1823 681 1868 quam
696 1808 791 1870 jubendi

120 1881 239 1937 potestate.
264 1874 290 1921 si
301 1875 413 1937 displicuit
424 1877 542 1931 sententia,
553 1874 645 1922 fremitu
654 1874 793 1935 adspernan-

122 1945 172 1996 tur3
193 1940 227 1986 sin
242 1940 334 2002 placuit,
348 1940 444 1987 frameas
458 1942 595 1988 concutiunt.
630 1937 790 1985 Honoratissi-

120 2018 184 2050 mum
195 2007 300 2052 assensus
311 2020 385 2068 genus
395 2013 439 2062 est,
454 2006 521 2052 armis
532 2005 629 2052 laudare.
753 2004 756 2010 '

157 2067 218 2115 XII.
239 2069 305 2117 Licet
321 2072 380 2132 apud
396 2072 515 2118 concilium
533 2085 639 2117 accusare
654 2083 754 2130 quoque,
770 2072 795 2114 et

121 2133 242 2182 discrimen
253 2137 332 2196 capitis
343 2137 465 2183 intendere.
499 2135 623 2183 Distinctio
633 2148 754 2196 poenarum
765 2145 795 2178 ex

123 2199 218 2245 delicto:
240 2201 365 2261 proditores
383 2209 405 2247 et
422 2200 550 2262 transfugas
566 2199 681 2247 arboribus
699 2211 795 2259 suspen·

122 2263 194 2310 dunt:
213 2265 309 2324 ignavos
321 2275 343 2312 et
356 2267 456 2312 imbelles
471 2273 494 2311 et
508 2280 603 2326 corpore
615 2264 712 2311 infames
727 2276 794 2309 ooeno

123 2343 151 2376 uc
160 2330 251 2391 palude,
260 2328 342 2392 injecti
350 2331 440 2392 insuper
448 2337 516 2385 crate,
527 2336 641 2392 mergunt.
665 2326 796 2376 Diversus

124 2395 228 2456 supplicii
239 2394 292 2441 illuc
301 2396 397 2456 respicit,
408 2404 522 2455 tamquam
533 2394 618 2441 scelera
628 2392 717 2441 ostendi
729 2406 796 2452 opor·

123 2464 177 2512 teat,
189 2460 242 2504 dum
253 2461 383 2522 puniuntur,
395 2459 481 2522 flagitia
492 2459 604 2507 abscondi.
630 2459 677 2505 Sed
689 2467 713 2505 et
721 2457 796 2505 levio·

123 2524 186 2569 ribus
194 2524 287 2579 delictis,
295 2541 336 2587 pro
345 2525 419 2578 modo.
432 2540 512 2587 poena:
527 2538 634 2585 equorum
642 2534 796 2586 pecorumque

114 2602 218 2636 numero
226 2593 329 2640 convicti
337 2590 478 2638 multantur:
489 2585 799 2651 parsmadtrerenjuueisiui·

43 2660 90 2720 k
99 2654 224 2720 “lipare
231 2659 286 2724 ipsi,
294 2660 335 2725 qui
342 2646 818 2716 vindicatunuelprop‘mmirse'puamdn
