1680 3188
187 413 242 477 nu
258 408 487 474 enumerans
505 411 613 463 crass
682 415 731 462 ars
759 460 767 470 ,,

61 557 129 602 quarn
141 541 165 591 in
179 546 234 602 acie,
245 561 334 607 quoque
343 545 419 609 plures
429 553 453 593 et
463 545 564 593 intulerit
578 545 636 592 ictus
652 550 676 590 et
690 557 733 590 ex·

63 609 155 668 ceperit,
178 625 223 671 quo
246 613 318 674 maj0r
335 611 474 658 adversarius
495 617 519 657 et
537 610 619 665 acrior,
641 605 734 669 quicum

63 687 153 734 pugnas
170 675 211 721 sibi
227 690 316 738 asperas
330 676 469 732 desumserit,
485 682 549 722 tanto
564 675 633 728 ,altior
650 682 672 720 et
690 685 742 737 rex-¹

64 737 150 795 celsior,
162 747 186 786 et
195 741 240 787 illis
250 741 378 788 nobilitatus
389 740 558 797 discriminibus,
574 741 600 795 in
609 755 649 793 ore
659 738 732 785 borni·

64 816 119 848 num
128 805 183 866 agit,
193 820 288 865 quorum
301 812 413 853 sanatura
424 814 465 860 est,
474 814 500 853 ut
510 819 589 852 secura
596 804 676 851 nolint.

96 864 249 917 XXXVIII.
267 869 391 916 “Transeo
402 871 430 916 ad
443 870 539 917 formam
554 877 578 916 et
588 867 736 916 consuetudi·

64 946 116 979 nem
135 943 238 981 veterum
249 936 401 997 judIciorum3
417 951 469 996 quae
486 935 528 982 etsi
540 949 600 981 nunc
611 935 683 996 aptIor
699 939 735 980 est

63 997 156 1053 civitati,
173 1000 323 1060 eloquentiam
343 1007 418 1046 tamen
433 1000 488 1047 iliud
498 1000 572 1046 forum
584 999 658 1060 magis
668 1012 734 1045 exer·

64 1063 136 1121 cebet,
148 1065 227 1126 inquo
239 1080 307 1111 nemo
325 1065 384 1112 intra
400 1065 621 1126 paucissimasboras
631 1077 736 1125 perorare

63 1130 193 1190 cogebatur,
212 1138 236 1177 et
257 1129 333 1176 liberae
354 1130 599 1190 comperendinationes
618 1135 688 1182 erant,
711 1133 735 1174 et

64 1193 157 1247 modurn
168 1194 256 1242 dicendi
267 1195 308 1241 sibi
319 1195 412 1256 quisque
423 1196 530 1249 sumebat,
542 1203 566 1241 et
575 1208 683 1240 numerus
693 1207 734 1239 ne·

64 1272 109 1318 que
120 1259 206 1306 dierum
226 1274 300 1320 neque
317 1268 463 1321 patronorum
480 1259 604 1305 finiebatur.
636 1257 734 1311 Primus.

66 1323 132 1369 tertio
148 1324 273 1379 consulatu,
291 1322 336 1373 Cn.
345 1323 466 1384 Pompeius
477 1324 604 1380 adstrinxit,
616 1322 735 1384 imposuit-

65 1402 109 1448 que
125 1389 195 1435 veluti
206 1389 283 1436 frenos
293 1389 433 1451 eloquentiae,
444 1389 475 1436 ita
486 1396 567 1443 tamen,
585 1396 611 1435 ut
627 1388 703 1435 omnia
712 1387 738 1434 ln

39 1455 42 1461 '
64 1451 121 1508 foro,
134 1455 209 1502 omnia
220 1455 313 1517 legibus,
325 1454 401 1502 omnia
408 1453 466 1515 apud
474 1460 581 1515 praetores
586 1460 733 1515 gererentur:

65 1519 125 1580 apud
136 1535 192 1580 quos
203 1526 288 1580 quanto
298 1521 384 1583 majora
393 1519 486 1580 negotia
496 1520 549 1569 olim
561 1518 660 1565 exerceri
671 1517 738 1565 solite

66 1584 118 1639 siut,
130 1585 191 1644 quod
201 1586 273 1648 majus
284 1591 442 1648 argumentum
457 1591 498 1636 est,
513 1598 579 1645 quam
591 1583 651 1644 quod
662 1597 737 1629 causae

67 1651 247 1706 centumvitales,
267 1666 319 1712 quae
340 1665 400 1697 nunc
419 1650 515 1710 primum
534 1648 637 1694 obtinent
654 1647 736 1701 locum,

67 1712 124 1761 adeo
142 1714 260 1776 splendore
278 1716 371 1763 aliorum
384 1714 520 1776 judiciorum
538 1714 693 1766 obruebantur,
712 1717 737 1758 ut

67 1792 141 1838 neque
152 1777 275 1835 Ciceronis,
288 1796 362 1841 neque
379 1777 483 1834 Caesaris,
495 1793 567 1839 neque
578 1775 653 1834 Bruti,
665 1791 739 1837 neque

68 1840 145 1898 Coelii,
164 1859 237 1907 neque
256 1845 330 1901 Calvi,
347 1859 395 1892 nou
411 1843 506 1905 denique
517 1843 582 1890 ullius
593 1843 670 1904 magni
687 1856 738 1888 ora·

67 1909 123 1955 toris
132 1908 194 1966 liber,
206 1911 264 1973 apud
273 1910 426 1958 centumviros
436 1909 515 1961 dictus,
532 1908 626 1970 legatur,
638 1907 739 1968 excepds

66 1974 204 2023 orationibus
215 1976 296 2031 Asinii,
309 1989 360 2037 quae
376 1981 431 2037 ‘pro
442 1973 566 2019 haeredibus
579 1969 689 2020 Urbiniae’
701 1972 737 2019 iu·

67 2039 201 2095 scribuntur,
214 2042 241 2088 ab
253 2043 301 2104 ipso
313 2048 389 2087 tamen
401 2038 511 2093 Pollione,
528 2039 606 2085 mediis
617 2036 675 2084 Divi
686 2035 737 2084 Au·

68 2105 130 2165 gusti
141 2108 286 2169 temporibus,
298 2106 387 2157 babitae,
404 2112 521 2166 postquam
533 2104 602 2166 longa
612 2111 738 2164 temporum

67 2170 130 2229 quies
142 2177 165 2216 et
176 2172 307 2217 continuum
321 2170 397 2234 populi
413 2170 484 2216 otium
502 2175 525 2216 et
541 2169 629 2216 assidua
645 2167 737 2214 senaida

32 2262 35 2266 -
67 2235 224 2295 tranquillitas,
247 2242 270 2282 et
291 2237 384 2282 maximi
406 2235 513 2298 principis
535 2234 649 2296 disciplina
667 2233 740 2294 ipsam

68 2314 159 2360 quoque
169 2300 328 2360 eloquentiam,
340 2301 398 2347 sicut
409 2301 484 2347 omnia
495 2299 544 2353 alia,
555 2297 689 2362 pacaverat?

102 2363 228 2412 XXXIX.
245 2365 368 2413 “Parvum
388 2373 411 2412 et
429 2365 547 2411 ridiculum
564 2364 659 2411 fortasse
675 2362 739 2408 vide·

67 2428 135 2481 bitur,
148 2431 208 2491 quod
218 2431 318 2478 dicturus
329 2446 394 2488 sum3
411 2431 483 2476 dicam
500 2437 589 2484 tamem,
601 2429 637 2476 vel
647 2427 704 2480 ideo,
716 2434 743 2474 ut

69 2494 174 2541 rideatur.
208 2495 326 2550 Quantum
343 2496 474 2542 humilitatis
488 2503 593 2556 putamus
607 2492 742 2554 eloquentiae

69 2559 172 2606 attulisse
188 2562 289 2622 paenulas
305 2562 366 2616 istas,
386 2561 464 2623 quibus
477 2559 576 2608 adstricti
593 2566 616 2606 et
631 2558 694 2605 velut
704 2561 741 2603 ln-

69 2623 134 2678 clusi,
145 2639 197 2671 cum
204 2627 317 2688 judicibus
327 2625 468 2673 fabulamur?
484 2632 593 2686 quantum
607 2624 690 2670 virium
702 2621 741 2668 de·

32 2701 34 2706 ’
68 2689 167 2736 traxisse
186 2691 280 2737 orationi
297 2692 406 2738 auditoria
421 2697 445 2737 et
460 2690 567 2736 tabularia
583 2689 701 2742 credimus,
717 2688 741 2732 in

70 2755 207 2816 quibusjam
217 2755 265 2802 iere
274 2756 377 2816 plurimae
391 2771 466 2801 causae
481 2753 638 2816 explicantur?
671 2751 740 2804 Nam,

72 2819 187 2882 quomodo
198 2821 364 2881 nobiles-equos
381 2830 459 2868 cursus
470 2827 493 2866 et
504 2819 692 2881 spatiaprobant;
710 2816 742 2862 sic

73 2892 110 2933 est
126 2885 206 2947 aliquis
225 2894 455 2950 oratorumcampus,
464 2899 505 2947 per
515 2899 588 2944 quem
593 2880 753 2946 uisxb'uex'xe·

69 2948 139 3001 roton
156 2949 268 3012 ferantur,
289 2952 421 3004 debilitatur
441 2968 470 3001 ac
489 2949 611 3016 irang'uus
630 2944 780 2996 mm*
