1680 3188
103 138 151 182 248
226 135 276 184 DE
292 135 519 186 ORATORIBUS.
541 136 601 188 Car.
610 141 649 188 10.

84 274 87 281 '
104 264 313 377 'pgndpitffisnio
323 269 416 316 mereri:
436 274 519 345 quanto
530 276 605 317 umen
615 270 738 332 puchrius,
751 268 771 317 ri

106 332 770 463 ‚ruffltonaffl'iiffl'immnwimass

106 460 167 521 suot
176 461 257 523 nattis
268 461 287 508 ut
297 462 469 525 magnum
480 462 772 523 nrqmrenmmeenn-

107 538 160 571 nero
168 526 248 581 velint,
258 527 402 588 relinquenda
411 527 552 574 conversatio
560 528 686 575 amicorum
699 536 725 576 et
733 530 772 593 jn·

107 589 211 637 moditor
228 590 304 647 Urbis,
320 592 442 640 deserenda
455 598 539 639 coetera
552 592 632 648 officis,
647 600 719 655 utque
731 593 774 656 iud

108 654 193 710 dieunt,
210 662 224 685 “
232 656 256 701 in
267 671 359 703 nernora
369 664 393 703 et
402 654 490 710 lucos?
501 656 525 702 id
535 664 577 713 est,
587 658 612 705 in
622 658 774 714 solitudinem

107 719 258 767 medendum
269 726 311 766 est.

143 782 176 831 X.
193 788 210 814 ‘⁸
218 783 257 831 Ne
265 785 341 847 opinio
351 784 440 845 quidem
451 784 550 840 etfama,
564 787 602 833 eni
612 786 655 833 soli
666 787 773 843 serviunt,

109 854 134 895 et
144 850 205 911 quod
215 862 285 895 unum
295 864 345 896 esse
352 850 447 911 pretium
456 850 530 897 omnis
537 850 571 898 sui
580 852 663 899 loboris
669 852 775 907 fatentur,

110 928 176 974 neque
188 913 266 976 poiitns
279 928 346 975 quam
360 922 459 962 oratores
474 915 588 977 seqnitur;
608 917 715 978 quonium
727 930 775 965 ms·

109 978 198 1041 riioeres
215 979 293 1040 potins
311 994 378 1026 nemo
395 979 465 1034 norit,
484 981 556 1027 boum
571 981 645 1043 pauni.
677 980 776 1036 Quanrb

108 1042 171 1089 enirn
179 1044 339 1091 rarissimarum
348 1044 503 1092 recitationum
509 1044 570 1092 famo
576 1047 601 1092 in
608 1053 681 1093 totam
690 1044 777 1093 Urbsr'n

109 1106 226 1170 penetra?
250 1109 332 1155 nedum
351 1117 378 1157 ut
394 1123 435 1171 per
452 1116 488 1157 tot
503 1111 630 1173 provincias
645 1112 778 1159 innoteseat·

113 1172 207 1227 Quotus
216 1174 316 1235 quisque,
328 1188 378 1220 eum
388 1189 417 1220 ex
426 1173 543 1238 fflspnnii,
554 1176 592 1224 vel
600 1174 666 1232 Asia,
677 1176 720 1238 (uo
726 1174 780 1237 quiri

112 1237 142 1285 tie
152 1238 226 1285 Gallis
236 1239 318 1286 nostris
327 1237 456 1300 loquamur)
466 1240 490 1286 in
502 1239 588 1288 Urbem
596 1241 666 1296 venit,
678 1239 778 1289 &tuom

112 1303 211 1353 Bonam
222 1302 330 1365 requirit?
342 1310 409 1366 atque
416 1305 472 1351 adeo
480 1305 499 1351 si
506 1306 556 1366 quis
563 1305 663 1366 requirit,
674 1304 779 1354 attend

112 1370 176 1424 vidit,
186 1370 273 1422 transit,
285 1375 308 1416 et
316 1376 434 1417 contentus
442 1376 489 1426 ert;
503 1370 673 1432 utoipieturam
681 1370 779 1432 aliqum

112 1435 151 1483 vel
161 1441 257 1481 statuam
268 1435 367 1481 vidisset.
399 1433 481 1495 Neque
494 1436 553 1482 hune
563 1436 639 1481 meum
650 1446 779 1483 mom

113 1501 148 1548 sio
158 1500 228 1561 oooipi
238 1500 297 1555 volo,
310 1506 424 1560 tamquam
435 1514 483 1556 eos,
494 1500 574 1560 quibus
585 1506 665 1546 natura
676 1513 718 1546 sua
727 1512 779 1546 on·

112 1566 197 1613 tortum
206 1565 323 1626 ingenium
334 1564 460 1626 denegavit,
475 1564 598 1612 deterream
611 1565 779 1619 acuminibus,

113 1629 217 1679 simodo
231 1630 255 1676 in
270 1631 311 1676 hae
326 1629 449 1676 studiorum
463 1636 527 1691 parte
539 1629 650 1676 obiectare
662 1630 743 1684 otium,
757 1634 781 1676 ot

114 1708 198 1743 nomen
208 1695 306 1741 inserere
315 1701 410 1756 possunt
419 1693 496 1741 fame:
512 1708 556 1756 ego
563 1708 619 1741 vero
629 1708 721 1741 omnem
732 1692 780 1741 sio·

113 1760 229 1821 quentiutn
244 1773 366 1819 omnesque
379 1760 428 1820 ejus
437 1766 512 1821 partes
522 1772 596 1806 sacras
607 1764 631 1805 et
640 1757 781 1806 venerabiles

113 1830 183 1889 prato:
208 1838 250 1870 neo
268 1824 340 1871 solum
359 1824 493 1871 oothomum
511 1830 620 1876 vestrum,
639 1829 679 1870 aut
695 1822 780 1870 heroid

113 1887 220 1937 torminis
230 1902 316 1943 sonum,
329 1890 369 1935 sed
378 1888 499 1949 lyricorum
510 1902 601 1950 quoque
606 1888 780 1951 jucunditatem,

113 1960 139 2002 et
150 1955 266 2016 elegorum
275 1953 385 2010 lascivias,
399 1962 423 2000 et
432 1953 556 2001 iamborum
567 1953 745 2007 amaritudinen.
757 1958 782 1999 et

114 2020 301 2081 epigrammatum
311 2019 381 2074 lusus,
396 2026 419 2065 et
432 2032 596 2079 quamcumque
605 2018 672 2065 alium
683 2018 781 2080 speeiem

113 2084 241 2145 eloquentia
252 2084 337 2137 habeat,
352 2083 529 2146 anteponendam
542 2083 630 2131 ceteris
639 2083 734 2129 aliarum
745 2096 782 2130 ar·

112 2149 172 2195 tium
188 2147 267 2195 studiis
282 2148 362 2195 credo:
385 2149 425 2196 sed
439 2157 515 2196 tecum
530 2149 592 2203 mihi,
611 2147 727 2202 Materne,
745 2160 782 2193 res

114 2220 157 2268 est,
169 2214 235 2273 quod,
247 2226 299 2259 cum
309 2220 389 2260 natura
399 2221 438 2261 tua
447 2213 471 2260 in
482 2213 552 2275 ipsam
562 2227 635 2260 arcem
646 2211 783 2273 eloquentie

115 2285 140 2325 te
149 2277 213 2331 ferat,
225 2292 299 2324 errare
309 2278 387 2332 mavis,
402 2286 431 2332 et,
446 2293 535 2325 summa
544 2278 644 2341 adeptus,
655 2277 680 2322 in
690 2276 781 2323 leviori·

115 2344 158 2390 bus
168 2344 277 2390 subsistis.
310 2341 353 2399 Ut,
369 2343 387 2389 si
403 2344 426 2389 in
438 2342 529 2391 Graeoii
539 2350 605 2390 nutus
615 2356 686 2398 esses,
697 2342 735 2388 ubi
745 2341 781 2387 lu·

115 2408 187 2454 dieras
203 2420 292 2469 qnoque
308 2414 367 2454 artes
383 2422 489 2455 exercere
504 2409 623 2455 honestum
639 2414 682 2461 est,
698 2420 727 2452 ao
742 2404 782 2452 titt

115 2470 240 2519 Nicostrati
255 2474 322 2519 robur
336 2488 362 2520 ao
377 2474 438 2521 vires
452 2473 482 2519 dii
495 2472 614 2527 dedissent,
630 2486 677 2518 non
692 2477 781 2532 paterer

107 2535 223 2587 Immunes
239 2537 291 2587 illos
305 2544 329 2588 et
343 2538 372 2587 sd
383 2553 486 2604 pugnam
500 2546 565 2586 natos
579 2538 675 2584 lacertos
689 2535 776 2581 tevins

88 2600 171 2662 juenir'
179 2613 224 2655 aut
229 2607 297 2673 Jaetu
310 2607 367 2659 disci
378 2620 522 2664 vanescere3
538 2605 573 2653 sio
581 2617 644 2650 nune
652 2607 679 2646 te
686 2600 715 2645 ab
724 2598 772 2645 uuit

85 2670 160 2721 eorm
174 2682 203 2724 et
222 2677 327 2732 theatris
342 2678 370 2731 iu
386 2675 470 2730 iorum
485 2680 511 2725 et
525 2672 558 2723 ou
572 2682 655 2722 mutat
667 2671 694 2713 Θ·
704 2663 739 2711 ὠ
748 2676 765 2707 ἵ
