1680 3188
232 88 429 162 sannarum.
449 109 558 162 omar.
681 113 727 158 201

62 255 118 302 quas
128 243 229 304 exposui,
241 245 343 305 gentium
357 243 464 291 lateribus
478 242 612 297 obtenditur,
624 241 695 288 donec
706 239 730 285 iu

24 352 27 358 .
63 304 147 355 Cattos
163 322 233 368 usque
252 309 360 354 sinuetur.
392 307 449 354 Tam
467 310 600 354 immensum
621 313 730 353 terrarum

62 373 160 434 spatium
172 387 218 418 nou
233 380 311 418 tenent
322 381 409 419 tantum
427 371 521 427 chauci,
532 373 572 418 sed
583 378 606 417 et
619 371 728 432 implentt

62 437 160 498 populus
171 437 229 482 inter
241 438 368 485 Germanos
379 438 535 493 nobilissimus,
547 437 631 497 quique
641 435 731 496 magui·

62 501 167 547 tudinem
183 517 247 548 suam
266 502 329 548 malit
343 501 432 564 justitid
448 503 519 548 tueri:
538 502 587 547 sine
603 500 730 561 cupiditate,

65 565 116 612 siue
132 564 274 628 impotentib,
294 568 362 627 quieti
381 568 511 626 secretique,
531 566 593 612 nulia
610 570 734 626 provocant

63 629 130 686 betta,
142 631 210 677 nullis
221 632 318 693 raptibus
334 639 373 678 aut
382 632 504 679 latrociniis
519 631 660 693 populantur.
693 627 733 674 ld-

63 709 108 756 que
125 696 263 757 praecipuum
274 697 363 742 virtutis
374 712 399 743 ac
416 696 497 742 virium
513 701 671 757 argumentum
689 700 731 746 est,

63 760 131 820 quod,
144 769 170 806 ut
180 761 307 822 superiores
315 771 390 822 agant,
399 776 446 807 non
456 776 496 822 per
506 760 598 822 inJurias
609 773 731 819 assequun-

62 829 107 871 tur.
137 823 232 871 Promta
242 832 317 871 tamen
328 826 433 872 omnibus
443 840 510 879 arma,
523 840 556 879 ac,
568 826 587 871 si
598 840 634 870 res
644 830 729 884 poscat,

63 889 192 946 exercitum
203 890 323 951 plurimum
334 891 434 937 virorum
445 904 610 951 equorumque:
624 895 648 936 et
655 888 730 948 quies·

67 953 169 1014 centibus
181 955 258 1000 eadem
271 953 338 1001 fama.

100 1017 225 1065 XXXVI.
254 1017 282 1065 In
304 1020 373 1066 latere
400 1017 544 1068 Cbaiicorum
570 1017 734 1077 Cattorumque

69 1079 180 1131 Cherusci
192 1083 283 1129 nimiam
295 1099 320 1132 ac
331 1092 468 1131 marcentem
483 1085 520 1130 diu
532 1099 609 1145 pacem
620 1082 735 1129 iliacessiti

68 1148 212 1195 nutrierunt:
232 1149 297 1209 idque
305 1149 432 1212 jucundius,
443 1164 510 1209 quam
522 1149 597 1202 tutius,
609 1146 651 1193 suit
658 1164 666 1203 ;
683 1146 736 1206 quia

69 1212 130 1261 iuter
139 1213 276 1274 impotentes
287 1221 310 1260 et
319 1215 407 1261 validos
420 1215 476 1261 falso
488 1216 588 1275 quiescas
594 1230 602 1269 3
619 1212 656 1258 ubi
667 1225 737 1257 manu

71 1279 154 1340 agitur,
165 1279 275 1325 modestia
284 1295 310 1325 ac
325 1279 422 1341 probitas
435 1281 525 1326 nomina
542 1277 661 1339 superioris
678 1283 738 1322 sunt.

70 1339 116 1399 lta,
127 1344 166 1404 qui
176 1343 230 1390 olim
242 1350 256 1372 ⁴‘
264 1344 316 1391 boui
328 1346 430 1405 aequique
439 1342 571 1397 Cherusci,''
584 1357 644 1388 nunc
655 1342 739 1387 inertes

71 1421 98 1457 ac
115 1409 180 1455 stulti
196 1417 318 1456 vocantur:
339 1408 412 1457 Cattis
424 1410 544 1455 victoribus
560 1407 650 1454 fortuna
660 1407 684 1451 io
701 1419 738 1450 sa·

69 1473 178 1534 pientiam
190 1475 264 1520 cessit.
295 1471 372 1520 Tracti
384 1473 448 1521 ruini
460 1472 625 1521 Cheruscorum
640 1478 664 1517 et
675 1469 738 1524 Fosi,

72 1539 216 1585 contermina·
228 1554 292 1600 gens,
303 1539 445 1586 adversarum
463 1553 537 1586 rerum
554 1553 583 1584 ex
594 1551 659 1597 aequo
674 1535 738 1590 socii,

72 1616 125 1649 cum
136 1603 160 1649 in
172 1604 275 1650 secundis
285 1605 384 1650 minores
394 1605 496 1651 fuissent.

104 1665 244 1715 XXXVII.
266 1667 379 1715 Eumdem
400 1669 529 1716 Germaniae
548 1668 622 1715 sinum
641 1663 739 1728 proximi

70 1730 166 1778 Oceano
179 1730 264 1779 Cimbri
276 1741 360 1787 tenent,
372 1748 440 1794 parua
454 1749 514 1779 nunc
525 1734 619 1789 civitas;
636 1732 675 1778 sed
686 1731 740 1791 glo·

72 1797 107 1844 ria
125 1798 223 1858 ingentu
243 1799 369 1858 veterisque
385 1797 452 1844 samae
465 1797 511 1843 lata
527 1798 624 1857 vestigia
639 1801 740 1847 manent,

73 1859 168 1922 utrique
185 1861 232 1923 ripa
248 1870 321 1909 castra
336 1878 362 1908 ac
378 1864 454 1924 spatia,
468 1877 562 1923 quorum
579 1861 662 1907 ambitu
679 1872 741 1905 nunc

72 1942 162 1988 quoque
170 1927 269 1973 metiaris
277 1927 359 1974 molem
367 1942 490 1988 manusque
498 1926 579 1989 gentis,
589 1933 666 1971 ettam
674 1938 741 1984 mag·

72 1993 98 2039 ui
114 1992 189 2038 exitiis
202 1991 276 2038 fidem.
309 1992 501 2038 Sexcentesimum
512 1999 535 2037 et
546 1989 742 2050 quadragesimum

73 2071 158 2104 anuum
169 2058 221 2103 urbs
233 2065 309 2103 nostra
324 2057 409 2118 agebat,
422 2072 473 2102 cum
487 2056 584 2117 primum
597 2051 742 2100 Cimbrorum

73 2122 151 2169 audita
167 2131 220 2168 sunt
231 2137 299 2176 arma,
312 2120 405 2169 Caeciiio
417 2120 513 2168 Metello
530 2133 556 2166 ac
573 2117 663 2178 Papirio
681 2113 740 2165 Car-

72 2187 133 2233 bone
144 2202 203 2234 coss.
235 2186 274 2234 Ex
284 2202 329 2247 quo
344 2188 362 2232 si
373 2187 401 2232 ad
416 2187 510 2232 alterum
525 2182 665 2244 imperatoris
680 2178 746 2227 Tra-

69 2251 120 2314 jaoi
131 2251 271 2298 consulatum
280 2258 441 2313 computemus,
451 2249 539 2295 ducenti
551 2246 621 2293 ferme
629 2254 652 2292 et
663 2245 742 2291 decem

74 2317 129 2363 anni
140 2317 284 2377 colliguntur.
312 2313 409 2370 Tamdiu
421 2314 544 2361 Germania
554 2312 658 2359 vincitur.
685 2308 741 2355 Me-

75 2380 113 2427 dio
132 2388 179 2429 tam
198 2380 261 2442 longi
281 2381 324 2426 sevi
342 2381 420 2442 spatio,
439 2379 511 2424 muita
528 2377 625 2422 invicem
645 2374 740 2420 damna:

76 2460 123 2493 non
136 2445 233 2498 Samnis,
244 2459 291 2490 non
303 2444 379 2501 Poeni,
391 2460 436 2490 non
452 2442 571 2503 Hispaniae
584 2439 702 2493 Galiiaeve,
714 2453 745 2484 ne

77 2508 158 2556 Parthi
176 2509 273 2570 quidem,
296 2509 377 2571 saepius
396 2505 546 2555 admonuere:
571 2509 653 2565 quippe
673 2517 745 2564 reguo

78 2573 171 2621 Arsacis
182 2573 254 2620 acrior
264 2580 299 2620 est
311 2573 477 2620 Germanorum
486 2570 585 2618 libertas.
611 2568 674 2622 Quid
683 2567 748 2613 euim

71 2637 134 2699 atiud
141 2639 214 2697 nobis,
228 2654 297 2704 quam
312 2640 404 2692 caedem
415 2638 506 2698 Crassi,
520 2636 609 2687 amisso
618 2628 771 2694 st'xuffl*
