1680 3188
87 166 145 208 1.·0.
154 165 190 208 ⁵5.
220 160 415 212 ANNALIUM
430 161 551 213 IunXII.
563 161 668 212 Gentis.
722 162 752 208 el

85 297 141 342 tium
152 295 234 358 prioris
244 295 348 359 conjugis
365 295 499 351 reticuisset,
516 309 652 356 quamquem
663 307 693 338 ne
706 290 750 337 im·

84 360 216 423 pudicitiam
233 361 324 421 quidem
341 374 402 406 nuno
416 361 501 417 obesse,
517 360 621 407 Pallante
632 358 747 405 adultero:

85 426 183 487 nequis
201 425 311 488 ambigat,
331 425 408 481 decus,
425 425 543 486 pudorem,
563 439 650 486 corpus,
670 426 753 469 cuncta

84 506 157 552 reguo
168 490 249 536 viliora
256 491 344 537 habere
376 488 438 535 Haec
448 495 515 549 etque
524 490 567 536 alie
577 489 690 543 dictitans,
701 500 750 533 am'·

82 556 151 617 pleoti
163 555 336 602 Britannicum:
355 555 422 600 robur
433 554 506 600 aetetis
516 569 584 615 quam
595 552 750 599 maturrimum

83 621 185 682 precari:
208 618 325 666 modoad
346 618 409 676 deos,
427 616 495 666 modo
517 619 546 665 sd
566 619 640 680 ipsum
657 616 751 663 tendere

83 699 174 742 manus,
182 685 327 740 adolesceret,
337 683 407 745 patris
413 683 517 730 inimicos
527 682 659 746 depelleret:
671 681 750 728 matris

82 751 152 796 etism
162 748 320 796 interfectores
330 748 481 795 ulcisceretur.

115 812 212 861 LXVI.
228 812 257 860 Iu
268 812 331 860 tanti
345 813 406 861 mole
417 828 528 870 curarum,
541 811 649 862 Claudius
660 811 748 860 veletu-

82 879 136 926 dine
154 876 248 926 adversi
262 878 391 941 corripitur;
408 877 579 940 refovendisque
594 879 678 926 viribus
689 876 748 923 mol·-

81 944 130 990 litie
147 943 200 991 eoeli
215 950 238 990 et
248 944 377 991 salubritate
390 958 504 1004 aquarum,
523 944 651 990 Sinuessam
665 942 747 1005 pergit.

82 1007 144 1056 Tum
156 1009 292 1071 Agrippina,
303 1008 393 1054 sceleris
403 1009 457 1054 olim
468 1015 535 1062 certa,
552 1017 575 1055 et
589 1009 670 1056 oblatae
680 1021 747 1055 occs-

83 1074 154 1121 sionis
172 1089 275 1136 propera,
293 1088 335 1120 neo
351 1072 504 1120 ministrorum
519 1083 598 1136 egens,
616 1073 644 1120 de
662 1086 747 1134 genere

81 1139 163 1186 veneni
175 1139 324 1195 consultavit3
341 1153 370 1184 ne
381 1139 497 1200 repentino
507 1145 532 1185 et
541 1139 649 1200 praecipiti
660 1137 747 1184 focinus

80 1204 226 1266 proderetur:
246 1204 361 1250 silentum
371 1210 395 1250 et
405 1203 502 1249 tabidum
519 1203 647 1264 delegisset,
663 1216 692 1248 ne
707 1200 747 1247 ad·

81 1276 159 1315 motus
169 1269 280 1331 supremis
292 1266 399 1318 Claudius
409 1274 441 1324 et,
450 1267 502 1315 dolo
512 1268 633 1322 intellecto,
646 1267 674 1313 ad
681 1281 745 1312 amo-

82 1349 130 1380 rem
146 1331 188 1380 filii
198 1333 292 1381 rediret:
312 1334 448 1394 exquisitum
464 1333 545 1394 aliquid
561 1333 670 1394 placebat,
685 1330 745 1391 quod

83 1399 183 1446 turbaret
201 1405 309 1454 mentem,
332 1405 355 1444 et
372 1405 470 1444 mortem
492 1397 596 1444 differret.
628 1396 746 1457 Deligitur

81 1463 164 1510 artilex
181 1463 268 1520 mlisrnr,
288 1463 397 1509 vocabulo
421 1461 528 1516 Locusta,
550 1478 621 1524 nuper
637 1459 745 1508 'veneficii

81 1528 196 1586 nonan,
208 1535 231 1575 et
241 1529 279 1575 diu
289 1528 348 1575 inter
358 1528 507 1574 instrumente
517 1529 580 1589 regni
589 1527 669 1574 habite.
686 1525 745 1589 Ejus

80 1593 183 1641 mulieris
192 1594 285 1655 ingenio
295 1599 396 1655 paratum
404 1592 473 1646 virus,
484 1593 547 1655 cujus
557 1593 658 1639 minister
669 1608 682 1638 e
694 1607 745 1653 sps·

80 1658 176 1705 donibus
192 1658 236 1704 fuit
253 1657 360 1714 Halotus,
379 1656 462 1704 inferre
480 1657 564 1720 epulas,
583 1665 606 1704 et
627 1657 744 1719 explorare

78 1731 151 1786 gustu
162 1724 250 1770 solitus.

114 1787 225 1835 LXVII.
246 1788 356 1850 Adeoque
377 1793 458 1834 cuncta
478 1802 532 1835 mox
552 1785 696 1850 pemotutire‚
718 1793 744 1836 ut

80 1860 209 1916 temporum
224 1853 318 1917 illorum
340 1853 459 1914 scriptores
477 1853 621 1915 prodiderint,
642 1853 743 1899 infusum

78 1918 206 1966 delectabili
222 1919 272 1965 cibo
284 1918 410 1965 boletorum
421 1932 542 1976 venenum,
557 1933 600 1964 nec
612 1919 660 1965 vim
670 1919 742 1964 medi·

80 1984 176 2030 caminis
194 1985 270 2030 statim
284 1983 428 2037 intellectam,
449 1981 580 2029 socordiine
599 1979 693 2038 Claudii,
713 1997 743 2030 an

79 2047 217 2095 vinolentiis
238 2047 304 2094 simul
320 2049 394 2094 soluta
404 2047 468 2094 alvus
481 2047 611 2094 subvenisse
621 2047 744 2094 videbatur.

80 2111 158 2176 Igitur
168 2114 275 2160 exterrito
286 2112 419 2175 Agrippino,
439 2120 469 2166 et,
484 2112 573 2173 quando
588 2112 666 2158 ultima
677 2113 743 2158 time·

78 2177 168 2231 bantur,
180 2175 254 2239 spreti
265 2178 410 2238 praesentium
420 2175 509 2231 insidii,
521 2177 632 2238 provisam
642 2177 689 2239 jem
702 2176 745 2223 sibi

79 2241 242 2304 Xenophontis
249 2242 329 2289 medici
341 2242 500 2289 conscientiam
511 2241 606 2288 adhibet.
624 2239 673 2296 Ille,
684 2248 743 2289 tum·

78 2322 148 2368 quam
159 2309 222 2354 nnus
232 2307 359 2354 evomentis
369 2307 490 2369 adjuvaret,
504 2307 603 2368 pinnam,
615 2306 690 2366 rapido
701 2321 743 2354 ve·

79 2388 141 2419 neno
151 2372 237 2428 illitam,
255 2370 355 2419 faucibus
365 2373 414 2437 eJus
425 2372 543 2420 demisisse
557 2371 674 2430 creditum
685 2371 755 2419 baud

71 2438 173 2495 rgrnsrus,
185 2451 276 2512 summa
290 2439 379 2489 scelere
389 2440 463 2508 incipi
484 2457 539 2491 cum
549 2439 666 2506 penetus,
682 2437 772 2503 perus}

64 2512 117 2542 cum
225 2535 232 2549 ‚

46 2619 54 2630 ,
84 2514 225 2638 Lfisoelillio
235 2568 380 2627 Vocabatur
388 2579 496 2632 interim
505 2587 620 2639 senatus,
629 2580 806 2638 nomquenm

41 2621 207 2680 meolnmrtate
216 2637 340 2708 principis
360 2650 534 2703 consuisset
553 2645 827 2702 sacerdotesnuncu·

33 2682 131 2746 ml
152 2704 277 2768 ΜΔΝ
292 2718 432 2774 exanimis
448 2723 582 2776 vestibus
600 2728 632 2774 et
646 2695 831 2768 tementis-‚0³
