1664 2910
187 40 340 103 agnoscimus.
378 39 462 84 Sordes
488 44 564 84 autem
596 41 665 84 verbo

188 104 329 167 compositio,
346 111 370 149 et
386 102 495 149 inconditi
512 117 597 156 sensus,
614 102 666 149 redo

187 176 251 217 tem:
269 183 312 216 uec
322 183 456 230 quemquam
468 167 523 214 sdeo
530 167 666 227 untiqusriur

188 234 245 282 lium
256 248 286 280 es
297 232 324 280 eri
335 240 397 296 purte
408 233 489 287 lsndet,
506 231 550 293 qui
566 232 666 292 antiquus

189 300 270 347 dumus
280 313 334 345 stne
345 296 374 346 C·
385 296 479 349 Caesari.
490 304 516 343 ut
526 304 617 359 propter
627 311 666 353 ms

189 365 325 427 gitationum
337 369 360 409 et
367 363 526 424 occupationes
534 376 608 409 rerum
615 361 665 408 min*

189 428 296 483 effecerit,
313 442 380 490 quum
397 427 498 474 divinum
513 428 562 491 ejus
579 426 665 489 ingenit

191 501 245 548 tem,
263 492 372 547 Hercule,
388 507 454 554 qusm
463 491 560 539 Brutum
571 492 665 554 philosop

192 574 301 621 quimus:
321 573 380 612 num,
403 558 427 604 in
445 558 582 604 orationibus
599 557 665 603 minor

192 623 240 678 mi,
252 625 319 671 etism
331 623 476 670 admiratores
484 623 532 683 ejus
539 621 644 668 fatentur.
661 620 665 667 l

192 704 259 746 ousnr
271 696 311 735 uut
321 685 420 736 Caesnris
432 703 472 749 pro
483 686 557 734 Decio
570 687 665 734 Samnite

191 753 304 802 Deiotsro
322 753 396 816 Rege,
413 760 551 814 ceterosque
561 752 661 815 ejusdem

192 820 277 881 teporis
292 819 361 866 libros
376 818 440 880 legit,
457 817 500 864 nisi
516 818 554 877 qui
572 823 596 863 et
609 822 665 863 'csm

191 884 298 932 miretur:
316 883 419 931 fecerunt
427 884 487 930 enim
498 890 521 928 et
529 882 634 939 carmine,
645 890 665 928 et

191 950 325 1006 retulemnt,
342 963 388 996 nou
398 948 479 995 melius
486 962 553 1008 quum
565 944 654 1002 Cicero,

192 1014 244 1062 rilos
251 1014 332 1061 fecisse
341 1014 458 1075 pauciores
468 1013 549 1060 sciunt.
566 1013 660 1060 Asinius

191 1094 259 1141 quum
270 1079 409 1140 propioribus
423 1079 561 1140 temporibus
571 1085 637 1124 ustus
647 1077 665 1123 si

191 1145 251 1193 inter
263 1143 385 1190 Menenios
392 1151 416 1190 et
427 1143 515 1205 Appios
526 1143 646 1190 studuere·
660 1141 665 1189 j

190 1222 215 1256 et
227 1209 316 1255 Attium
325 1224 371 1255 non
382 1208 455 1255 solum
463 1208 586 1271 trsgoediis,
595 1208 634 1255 sed
644 1215 664 1254 et

192 1274 239 1322 suus
250 1274 372 1334 expressit:
386 1273 442 1320 odeo
453 1273 522 1320 dums
532 1281 556 1320 et
567 1274 640 1320 siccus
649 1289 664 1320 e

192 1347 247 1395 tem,
264 1340 323 1386 sicut
333 1353 414 1400 corpus
424 1339 528 1393 hominis,
545 1353 572 1386 es
583 1339 664 1385 demun

225 1403 235 1420 Α
262 1418 266 1421 Α
