1680 3188
76 432 124 482 152
145 429 344 480 ANNALIUM
354 427 483 477 Lis-XVI.
492 425 553 478 Cur.
560 432 600 476 84.
624 425 655 466 U·
663 424 689 467 0·
696 428 742 469 aab.

75 576 136 610 ream
147 567 281 636 separarent,
287 566 354 621 atque
365 559 412 621 ipse
419 572 582 620 quamcumque
591 564 678 607 sortem
686 561 738 609 sub·

75 627 124 674 iret.
158 625 229 672 Simul
247 626 269 671 in
286 624 400 684 amplexus
420 623 557 670 occurrentis
577 621 631 669 filiae
652 624 738 687 meiat,

75 691 118 737 nisi
141 690 251 751 interJecti
271 689 360 735 lictores
378 687 478 746 utrisque
499 686 645 734 obstitissent·
678 687 738 749 Mox

75 754 140 800 datus
155 754 248 799 testibus
258 753 336 799 locust
355 759 384 806 et,
396 757 503 811 quantum
518 750 681 811 miscrIcorrb'ae
695 766 739 799 aa·

73 818 129 864 vitia
143 817 289 863 accusationis
304 822 451 878 permoverat,
463 821 550 861 tautum
560 815 602 861 irae
617 814 646 862 P.
657 814 738 879 Egna-

74 882 119 927 tius
130 883 193 927 testis
208 880 312 927 concivit.
344 877 421 927 Cliens
431 878 468 925 hic
485 878 571 933 Sorani,
581 885 607 925 et
617 885 673 926 tunc
688 894 737 927 em-

74 952 111 992 tus
130 945 158 991 ad
176 944 343 1007 opprimendum
360 943 463 996 amicum,
480 944 635 991 auctoritatem
653 944 739 993 Stoicae

75 1016 144 1056 sectae
161 1007 297 1071 praeferebat,
321 1008 396 1053 habitu
418 1014 442 1053 et
462 1021 501 1052 ore
522 1007 551 1054 ad
568 1008 739 1069 exprimendam¹

75 1073 196 1135 imaginem
207 1073 295 1118 honesti
306 1072 423 1126 exercitus,
436 1079 542 1117 caeterum
557 1073 633 1118 auimo
646 1072 737 1134 pertidi-

75 1153 136 1192 osus,
158 1136 269 1190 subdolus,
289 1136 402 1182 arantium
426 1150 451 1183 ac
472 1133 585 1182 libidinem
604 1138 736 1185 occultabat

74 1216 127 1262 quae
136 1208 254 1262 postquam
264 1198 359 1261 pecumi
370 1199 456 1246 reclusa
466 1207 525 1253 sunt,
537 1199 598 1247 dedit
608 1201 737 1262 exemplum

74 1264 221 1328 praecavendi,
232 1265 344 1325 quomodo
359 1262 471 1310 fraudibus
485 1264 600 1310 involutos
616 1271 656 1312 aut
671 1263 737 1327 flagi-

76 1331 114 1376 tiis
126 1329 306 1383 oommaculatos‚
317 1329 349 1375 sic
361 1329 434 1391 specie
444 1328 552 1375 bonarum
563 1329 645 1375 artium
661 1328 739 1387 falsos,

76 1400 100 1441 et
110 1393 214 1440 amicitiae
223 1391 320 1439 fallaces.
652 1394 656 1401 '

108 1454 235 1503 XXXIII.
251 1455 315 1503 Idem
332 1463 407 1503 tamen
423 1456 470 1503 dies
484 1463 508 1503 et
520 1456 642 1505 honestum
659 1470 737 1517 excire

75 1521 137 1585 plum
156 1521 207 1569 tulit
229 1518 302 1568 Cassii
320 1514 489 1581 Asclepiodoti5
514 1521 561 1581 qui,
580 1521 738 1583 magnitudine

76 1601 144 1648 opum
160 1585 285 1648 praecipuus
302 1586 360 1632 inter
377 1584 496 1646 Bithynos,
507 1599 553 1645 quo
569 1585 678 1646 obsequio
694 1584 738 1634 llo·

75 1657 162 1697 rentem
181 1649 290 1697 Soranum
307 1649 464 1705 celebraverat,
480 1648 590 1695 lebentem
608 1664 656 1697 non
673 1650 737 1697 dese-

75 1715 134 1761 ruit:
164 1721 289 1775 exutusque
310 1714 412 1760 omnibus
432 1712 527 1759 fortunis
548 1714 613 1759 etin
632 1714 739 1761 exsilium

75 1772 155 1835 actus3
182 1779 287 1838 aequitate
308 1776 373 1824 dedm
395 1791 449 1839 erga
466 1778 525 1824 bona
542 1776 645 1838 malaque
667 1778 738 1826 docu-

76 1848 158 1888 menta.
190 1840 298 1889 Thraseae
309 1841 438 1902 Soranoque
448 1848 471 1888 et
483 1841 584 1889 Serviliae
595 1842 662 1889 datur
675 1857 738 1889 mor·

75 1906 105 1951 tls
121 1904 242 1951 arbitrium.
274 1903 394 1952 Heledius
409 1912 433 1952 et
448 1905 560 1952 Paconius
577 1903 645 1952 Italid
658 1906 738 1968 depel-

75 1969 158 2015 luntur.
191 1968 318 2016 Montanus
338 1971 395 2031 patri
416 1984 536 2017 concessus
558 1977 599 2025 est,
621 1970 738 2031 praedieto,

75 2033 138 2079 nein
154 2030 265 2094 republicd
275 2034 397 2081 baberetur.
430 2033 648 2091 AccusatoribuaE
664 2034 698 2081 rio
714 2040 739 2091 et

76 2094 218 2152 Cossutiano,
227 2097 373 2159 quinquagies
382 2098 508 2144 sestertidm
516 2098 626 2160 singulis3
643 2049 738 2147 datoris

75 2158 193 2217 duodecies
204 2168 227 2207 et
237 2162 357 2222 quaestoria
366 2162 464 2223 insignia
473 2163 606 2209 tribuuntur.

108 2221 232 2272 XXXIV.
247 2225 307 2272 Tum
322 2226 350 2272 ad
360 2224 489 2280 Thraseam,
501 2227 524 2272 in
539 2226 610 2273 bortis
624 2231 740 2288 ogeartmn,

75 2296 174 2351 quaestor
189 2291 287 2338 consulis
296 2291 377 2337 missus
387 2297 556 2352 vesperascente
566 2293 616 2353 jam
627 2289 670 2337 die.
703 2288 737 2336 Il·

74 2352 178 2400 lustrium
199 2355 299 2402 virorum
318 2354 494 2415 feminarumque
515 2362 588 2402 coetus
608 2353 738 2416 frequentes

58 2424 159 2480 *egerat
177 2419 274 2467 maxime
289 2419 389 2467 intentus
404 2418 530 2474 Demetrio,
542 2419 629 2480 cynicae
644 2419 737 2475 institu-

75 2481 143 2529 tionis
160 2483 261 2541 doctori;
281 2498 399 2544 cumuquo,
416 2490 441 2529 ut
456 2484 581 2545 conjectare
596 2489 644 2529 erat
660 2483 738 2528 interr·

75 2546 137 2594 tione
147 2547 223 2594 vultds
234 2554 257 2595 et
267 2547 353 2607 auditis,
365 2548 384 2594 si
395 2562 439 2607 qua
452 2547 532 2595 clarius
541 2547 738 2609 proloquebantur,

75 2608 104 2658 de
115 2608 195 2672 naturb
205 2613 286 2659 animae
297 2619 319 2657 et
330 2611 485 2659 dissociatione
492 2610 582 2673 spiritus
592 2610 739 2671 corporisque

75 2674 212 2736 inquirebat:
232 2676 302 2723 donec
316 2674 406 2723 advenit
421 2674 536 2721 Domitius
552 2672 696 2730 Caecilianus,
708 2687 738 2729 ex

76 2739 161 2787 intimis
177 2741 260 2795 amicis,
272 2747 295 2787 et
311 2741 338 2796 ei,
349 2740 402 2801 quid
418 2745 508 2785 senatus
523 2738 654 2793 censuisset,
665 2752 738 2800 expo-

77 2803 129 2849 suit.
162 2801 236 2867 Igitur
252 2804 332 2852 flentes
342 2804 526 2865 queritantesque,
538 2803 576 2862 qui
591 2801 691 2857 aderunt,
701 2800 738 2849 fs·

68 2880 159 2915 cessere
171 2885 271 2935 propere
281 2868 391 2924 Thrasea,
401 2882 449 2915 neu
456 2866 557 2931 pericula
565 2880 608 2911 sua
617 2866 742 2911 miscerent

56 2943 114 2991 ‘Bm
124 2943 192 3000 sorte
203 2938 316 3000 annau,
326 2937 444 2995 noratur.
477 2930 762 2991 millium
