1680 3188
169 128 393 180 &nummum
404 130 495 182 VITA.
518 130 627 182 Consi.
682 136 727 178 ‘231

63 259 167 308 disemis
177 260 310 322 complebat.
339 260 400 308 Tum
416 261 532 326 Agricoli,
544 269 662 326 superante
676 263 729 308 bos·

57 325 121 372 tium
132 326 284 382 multitudine,
293 327 385 382 veritus,
397 340 426 374 ne
437 330 504 374 simul
511 330 535 375 in
544 324 652 384 frontem,
662 325 730 373 simul

63 396 89 437 at
112 389 183 438 latero
204 404 296 437 suorum
320 401 464 453 pugnaretur,
487 394 583 441 diductis
609 391 730 444 ordinibus,

64 466 206 516 quamqualn*
218 455 340 517 porrectior
351 457 409 503 acies
423 457 500 505 futura
509 466 565 514 erat,
575 465 600 504 et
614 470 730 504 arcessen-

65 521 107 567 tas
116 519 217 582 plerique
227 521 328 582 legiones
338 522 495 581 admonebant,
505 524 615 585 promtior
625 522 649 568 in
660 533 731 582 spem,

65 593 90 630 et
104 582 184 630 firmus
199 585 306 641 adversis,
317 585 408 633 dimisso
422 602 487 648 equo,
497 587 565 650 pedes
581 592 633 634 ante
649 584 733 634 vexilla

66 649 175 695 constitit.

68 740 72 746 ·
100 710 225 760 xxxvi
240 712 356 776 Acprimo
364 731 487 778 congressu
494 714 731 763 eminus'certabaturz

67 777 136 826 simin
144 777 354 834 constantissimi
364 780 529 836 arteBritanni,
540 779 669 844 ingentibus
680 778 732 841 gla-

68 842 111 890 diis
121 849 147 888 et
155 843 259 889 brevibus
274 844 347 899 cetris,
358 845 451 891 missilia
463 853 591 892 nostrorum
606 845 684 900 vitare,
694 841 734 891 vd

67 913 182 962 umiae,
201 914 268 969 atque
285 909 328 970 ipsi
346 922 452 972 maguam
469 911 516 957 vim
534 909 630 957 teloraun
653 914 733 971 super·

67 971 177 1030 laudm
195 972 268 1018 donec
286 973 395 1036 Agricola
410 979 457 1020 tres
472 972 612 1021 Batarmum
628 974 733 1021 cohortes

69 1052 98 1084 ac
107 1035 255 1100 Tungrorum
272 1037 328 1084 duas
337 1039 467 1085 cohortatus
483 1045 524 1094 est,
536 1045 562 1085 ut
578 1052 625 1085 rem
636 1038 665 1086 ad
682 1052 733 1083 mu

71 1115 153 1149 erones
167 1116 195 1147 ac
208 1115 288 1147 manus
303 1102 451 1150 adducerent:
470 1103 530 1163 quod
544 1109 568 1149 et
582 1102 645 1164 ipsis,
654 1106 734 1148 vetus-

68 1172 119 1213 tate
128 1165 224 1223 militiae,
235 1167 388 1223 exercitatum,
400 1174 423 1215 et
437 1167 538 1215 hortibus
552 1166 655 1220 inhabile,
666 1179 736 1228 parva

72 1236 138 1279 scuta
153 1236 177 1278 et
192 1245 296 1279 wormes
312 1231 400 1294 gladios
415 1233 557 1295 gerentibus:
577 1245 630 1278 nam
640 1227 734 1276 Britau'·

72 1308 154 1343 norum
168 1294 238 1356 gladii
248 1295 297 1344 sine
306 1310 415 1345 mucrone
424 1297 566 1360 complexum
581 1302 701 1349 armorum,
712 1298 737 1340 et

20 1404 27 1415 „
72 1360 98 1406 in
108 1365 186 1421 aperto
195 1374 295 1421 pugnam
305 1374 352 1408 non
363 1362 495 1410 tolerabant.
525 1360 607 1424 igitur,
619 1365 644 1407 ut
654 1356 737 1406 Batavi

72 1423 168 1472 miseere
178 1425 242 1480 ictus,
252 1423 320 1473 ferire
329 1426 469 1483 umbonssius,
479 1439 519 1473 ota
528 1425 620 1480 loedare,
628 1431 652 1471 et
663 1421 739 1471 stratis

73 1489 113 1549 qui
122 1489 148 1536 in
157 1502 223 1549 nequo
237 1489 375 1544 obstiterant,
386 1491 473 1552 erigere
486 1492 510 1537 in
524 1489 593 1537 colles
603 1489 674 1536 aciem
689 1498 737 1533 cm·

71 1550 143 1616 peret
158 1559 249 1600 caetcrae
264 1555 374 1609 cobortes,
386 1554 527 1602 aemulatione
541 1561 564 1601 et
573 1554 659 1617 impetu
675 1564 738 1599 com·

74 1619 161 1673 mixtae,
175 1618 291 1678 proximos
306 1632 407 1679 quosque
421 1619 522 1667 credere:
544 1633 571 1665 ac
585 1618 687 1681 plerique
701 1630 737 1663 se·

74 1683 181 1737 mineoes,
192 1688 231 1728 aut
247 1682 336 1744 integri,
350 1682 494 1730 festinatione
508 1684 616 1739 victorlae,
628 1682 739 1742 relinqua-

75 1748 164 1794 bantur.
195 1743 291 1793 Interim
308 1749 408 1806 equitum
428 1754 508 1794 turmae
526 1744 612 1810 fugire,
632 1743 739 1794 covinmli

75 1810 177 1874 peditum
193 1824 218 1856 sc
233 1810 312 1871 proelio
328 1808 451 1859 miscuere:
470 1818 499 1867 et,
510 1826 644 1873 quamquam
660 1812 740 1871 recen}

60 1886 124 1933 <tem
142 1881 250 1920 terrorem
267 1875 394 1930 intulerant,
407 1875 481 1922 densis
498 1882 573 1922 tamen
584 1876 681 1922 hostium
699 1888 741 1935 ag·

76 1938 175 1986 minibus
191 1945 217 1985 et
228 1938 374 1999 inaequalibus
390 1940 446 1986 locis
460 1940 586 1986 horrebant:
605 1939 742 1999 minimeque

77 2004 188 2065 equestris
196 2016 223 2050 ea
233 2018 317 2064 pugnae
324 2002 394 2050 facies
404 2010 460 2060 erat,
469 2018 520 2050 cum
528 2018 590 2065 aegre
600 2003 638 2050 diu
649 2009 742 2056 stantes,

79 2068 148 2117 simul
169 2082 278 2128 equorum
297 2068 616 2130 corporibusimpellerentur,
635 2082 661 2114 ac
683 2080 744 2128 saepe

77 2133 132 2195 vagi
149 2147 233 2187 currus,
245 2134 346 2179 exterriti
357 2133 405 2179 sine
421 2133 544 2179 rectoribus
554 2132 612 2193 equi,
623 2138 649 2177 ut
664 2144 743 2191 quem·

78 2210 124 2258 que
141 2196 237 2244 formido
253 2197 341 2253 tulerat,
360 2204 500 2245 transversos
516 2202 556 2244 aut
573 2196 651 2243 obvios
667 2195 743 2241 lucur-

78 2263 165 2309 rabant.

113 2324 251 2372 XXXVII.
266 2325 300 2373 Et
314 2325 424 2382 Britanni,
435 2327 473 2387 qui
484 2325 557 2372 adbuc
570 2336 654 2385 pugnte
665 2334 746 2383 exper-

79 2398 116 2438 tes
126 2405 215 2437 summa
224 2390 315 2437 collium
326 2391 459 2444 incederent,
470 2397 494 2438 et
507 2389 643 2452 paucitatem
655 2394 745 2434 nostro·

80 2470 133 2502 rum
143 2455 209 2501 vacui
220 2456 359 2516 spernebant,
371 2455 462 2517 degredi
471 2454 585 2518 paulatim,
597 2458 620 2499 et
630 2449 748 2500 circumire

80 2521 429 2582 impavincemiumcoeperunt:
448 2521 471 2566 ni
479 2520 576 2580 idipsum
583 2517 668 2564 veritus
676 2513 747 2578 Agri-

81 2585 247 2644 cola-quatuor
262 2585 363 2646 equitum
378 2584 434 2643 alas,
445 2585 476 2632 ad
488 2584 565 2632 tabita
574 2582 634 2630 beu'x
644 2584 760 2630 meaos,

76 2649 220 2698 venientibus
236 2650 392 2715 opposuisset,
403 2658 542 2719 quantotpse
548 2647 658 2700 temtos
668 2644 782 2690 atem*
