1680 3188
91 144 139 185 128
173 131 364 182 ANNALIUM
382 129 615 180 LrnXV Csr.59.
646 136 760 184 (λαως).

91 270 156 322 trahi,
169 282 194 313 ac
204 265 289 311 foribus
304 265 419 310 hortorum
435 263 542 324 adjacere.
574 263 658 324 Atque,
675 263 712 309 ubi
724 265 760 311 di·

92 334 186 381 cendam
198 331 225 377 ad
240 343 329 376 causam
340 325 478 382 introissent,
496 329 597 374 laetatum
613 342 669 391 erga
679 330 761 392 conju»

93 406 163 454 ratos,
174 395 214 443 sed
225 392 330 440 fortuitus
345 408 419 438 sermo
431 400 455 439 et
469 393 534 439 subiti
546 407 660 447 occursus,
672 393 692 439 si
702 408 761 441 oon·

93 463 187 514 rivium,
205 460 223 506 si
242 457 393 521 spectaculum
405 458 471 503 simul
487 458 587 511 inissent,
607 473 649 520 pro
666 459 764 507 crimine

93 527 163 589 accipi
174 543 179 570 ε
199 539 260 581 curn,
272 538 339 585 super
353 521 454 568 Neronis
465 537 492 567 ac
502 521 611 584 Tigellini
623 537 696 570 servos
705 538 762 586 per·

94 591 243 643 contationes,
255 588 340 635 Fenius
351 602 441 647 quoque
452 585 528 633 Rufus
539 587 650 634 violenter
661 594 763 649 urgeret,

96 656 197 704 nondum
208 655 236 700 ab
246 653 355 699 indicibus
371 648 505 704 nominatus,
526 652 571 706 sed,
590 667 636 713 quo
646 651 713 699 iidem
724 651 763 701 in-

97 722 168 771 scitlae
184 727 278 782 pararet,
296 725 361 764 atrox
372 717 478 763 adversus
490 718 570 762 socios.
602 713 667 763 Idem
680 717 763 766 Subrio

98 786 178 834 Flavio
189 783 301 830 assistenti
312 781 470 842 amentique,
490 796 518 828 an
530 783 588 828 inter
597 782 669 843 ipsun
681 783 764 846 cugni-

97 853 183 897 tionem
193 849 343 909 destringeret
352 847 459 907 gladium,
471 846 600 908 caedemque
609 854 715 909 patraret,
726 863 765 897 rs·

98 916 156 1028 ggsit,
173 912 309 974 infregitque
326 912 435 973 impetum
450 912 499 974 jam
516 926 608 958 menum
619 913 647 960 ad
658 913 764 975 cipum

134 979 224 1026 erentis.

132 1042 202 1090 LIX.
219 1039 299 1096 Fuere,
317 1040 363 1102 qui,
380 1039 469 1102 proditi
479 1041 638 1103 conjuratione,
655 1041 710 1088 rlarn
720 1054 764 1090 au·

99 1110 160 1155 ditur
175 1106 290 1160 Milichus,
309 1106 363 1152 (lum
381 1106 467 1152 dubitat
485 1106 601 1158 Scevinus,
620 1107 766 1155 hortarentur

101 1173 215 1227 Pisonen,
234 1185 329 1233 pergere
347 1171 371 1216 in
381 1178 460 1224 castra,
480 1177 519 1217 aut
534 1168 619 1218 Rostra
633 1172 764 1231 mre,

102 1238 220 1298 studiaque
238 1236 333 1281 militurn
353 1242 376 1281 et
394 1236 470 1297 populi
488 1242 588 1282 tentare:
608 1236 627 1282 si
646 1237 765 1285 cornubus

102 1304 151 1366 ejus
172 1302 256 1354 conscii
273 1309 457 1362 aggregarentur,
482 1307 598 1347 secuturos
615 1301 683 1347 etiarn
705 1302 766 1349 into·

101 1372 419 1509 instituisti&
430 1365 765 1507 ‘iititzifflt

102 1494 479 1620 {titffltinzligiii
490 1495 766 1622 tantillitati

103 1626 150 1673 suis
161 1624 289 1678 comitante,
306 1639 368 1670 arina
383 1631 461 1670 contra
480 1625 555 1672 cieret.
588 1624 666 1672 Multo

103 1690 162 1738 endo
173 1688 271 1743 confieri,
282 1703 333 1748 quae
341 1689 447 1750 segnibus
458 1690 527 1736 ardua
537 1690 661 1736 videantur.
715 1707 767 1740 rus·

104 1762 139 1802 trs
149 1754 263 1801 silentium
274 1760 297 1799 et
312 1752 379 1799 iidem
394 1754 417 1799 in
434 1760 468 1799 tot
486 1755 627 1801 consciorum
646 1756 727 1803 animis
743 1762 769 1807 et

104 1819 234 1881 corporibus
253 1818 343 1880 sperari.
381 1815 489 1865 Cruciatu
512 1827 551 1865 aut
569 1820 663 1881 praemio
685 1828 769 1872 nuncu

104 1885 182 1948 pervia
192 1899 248 1931 esse.
281 1881 404 1936 Verturos,
416 1884 453 1943 qui
464 1884 538 1944 ipsum
549 1899 638 1946 quoque
648 1886 769 1943 vincirent,

104 1957 219 2012 postremo
234 1946 327 2010 indigni
341 1963 396 1994 nece
406 1948 528 1995 efficerent.
560 1948 653 2003 Quanto
668 1951 769 1999 laudabi-

105 2015 149 2061 lius
159 2015 288 2076 periturum,
307 2014 359 2060 dum
371 2013 512 2076 amplectitur
528 2015 695 2076 rempublicam,
715 2015 770 2064 dum

105 2079 187 2126 auxilia
207 2079 303 2126 libertati
321 2079 419 2125 invocat.
452 2078 522 2126 Miles
540 2080 615 2140 potius
634 2081 730 2137 (leuat,
748 2088 772 2130 et

106 2145 181 2207 plebes
192 2145 319 2200 desereret;
337 2144 389 2189 dum
402 2145 451 2206 ipse
458 2145 585 2207 majoribus,
602 2144 655 2191 dum
666 2148 771 2207 posterla,

106 2210 184 2256 sisita
200 2209 361 2270 praeriperetur‚
376 2216 472 2255 mortem
491 2209 641 2271 approbaret?
658 2209 772 2261 Immotos

105 2275 149 2330 his,
168 2280 192 2320 et
206 2273 320 2335 paululum
339 2274 362 2319 in
373 2274 581 2339 publicohversatus,
599 2282 650 2338 post
661 2276 722 2323 tlomi
733 2292 771 2326 so·

107 2346 191 2395 cretus,
211 2338 309 2385 animum
323 2338 441 2385 adversum
457 2354 561 2402 suprema
571 2339 679 2396 firmabat,
697 2342 770 2390 donec

107 2418 189 2450 manus
199 2404 295 2450 militum
306 2403 428 2458 adveniret,
439 2420 496 2466 quos
507 2404 571 2452 Nero
582 2406 666 2452 tirones
677 2415 717 2454 aut
728 2409 770 2456 sti·

107 2468 194 2531 pendiis
201 2475 303 2515 recentes
313 2468 441 2530 delegerat:
461 2485 513 2515 nam
525 2481 590 2517 vetus
600 2470 665 2518 miles
675 2473 771 2520 timebun

107 2541 150 2589 tur,
170 2539 284 2596 tamquam
298 2532 378 2582 favore
387 2534 495 2581 imbutus.
526 2533 599 2590 Obiit,
612 2536 772 2595 abruptialua·

94 2599 204 2647 chiorum
216 2602 292 2651 venis.
326 2600 510 2651 Testamentum
528 2598 599 2645 irenis
615 2597 787 2661 aursrsustiv

61 2658 171 2713 ⁵*worn
190 2668 374 2722 adulationibus
390 2667 471 2720 amori
484 2664 571 2715 uxoris
583 2661 667 2716 nebus
680 2657 806 2717 numbe-
