1680 3188
188 125 238 175 DE
251 123 478 177 ORATORIBUS.
501 124 595 177 Ono-i.
676 131 722 174 243

61 256 164 318 sequenti
174 256 304 305 recitatione
313 255 428 318 Thyestes
438 257 504 304 dicet.
529 256 598 304 Hanc
608 257 671 304 enim
677 263 723 304 tra·

118 322 123 335 '
172 322 270 385 disposui
275 323 332 384 jem,
343 330 367 369 et
376 322 435 368 iutro
445 336 482 369 me
492 322 540 384 ipse
549 322 652 369 formovi.
678 322 723 368 At·

62 401 107 447 que
119 387 170 434 ideo
184 394 297 434 maturum
310 387 359 433 iibri
374 387 441 449 hujus
454 385 575 433 editionem
590 385 679 442 festino.
691 395 724 440 ut.

62 449 155 498 dimissi
171 452 245 513 priore
259 449 319 506 curi,
335 466 402 499 norae
417 450 548 512 cogitationi
566 458 615 498 toto
633 457 725 514 pectore

62 514 213 562 incumbem.”
656 542 670 555 --

94 579 184 627 “Adeo
205 587 229 627 te
251 579 368 642 trugoediae
388 581 440 627 istae
458 595 505 627 non
525 578 629 634 satiant,”
652 579 725 640 inquit

63 642 135 707 Aper,
152 651 220 705 “quo
234 644 317 700 minus,
328 645 416 691 omissis
432 645 557 691 orationum
568 651 592 691 et
607 658 724 691 cucurum

64 709 149 764 stodiis,
172 723 240 755 omne
258 717 346 772 tempus
366 710 433 757 modo
454 709 514 756 ciros
535 708 649 762 Medeam,
670 723 725 756 ecoe

64 788 125 820 nunc
133 775 192 820 circa
207 772 330 834 Thyesten,
340 773 476 822 consumes?
493 788 544 820 cum
555 780 589 820 tot
603 773 725 820 amicorum

64 851 145 893 ueusae,
157 845 192 885 tot
202 837 339 885 coloniorum
354 845 378 885 et
387 837 558 901 municipiorum
574 837 690 893 clientelae,
700 839 726 884 in

62 901 137 949 iorum
153 911 242 959 vocent,
253 903 333 962 quibus
342 902 382 948 vix
393 903 514 955 sufficeres,
525 903 611 949 etiamsi
621 917 667 949 non
682 916 736 948 uo-¹

64 982 120 1014 vum
136 967 174 1014 tibi
190 969 238 1030 ipse
253 967 370 1030 negotium
387 966 541 1028 imponimus,
557 965 685 1015 Domitium
701 975 726 1014 et

66 1029 186 1088 catonem,
197 1032 221 1078 id
231 1037 272 1087 cst,
281 1037 369 1078 nostros
376 1046 465 1092 quoque
475 1031 578 1078 historias
588 1038 611 1078 et
621 1030 727 1079 Romam

65 1096 157 1142 nominc
168 1095 302 1142 Graeoorum
311 1095 393 1142 semilis
402 1093 552 1157 rggrcgure¹’

97 1157 143 1205 lv.
158 1159 191 1206 Et
205 1159 333 1214 Matenus,
350 1158 518 1207 “Perturborer
532 1160 575 1206 hnc
589 1157 628 1206 tud
642 1158 725 1207 severi·

66 1227 121 1277 tute,
140 1223 183 1270 nisi
201 1222 305 1284 frequens
321 1236 349 1270 uc
363 1223 452 1270 assidue
469 1224 534 1273 nobis
550 1224 664 1271 contentio
677 1225 727 1287 J'om

65 1302 135 1350 prope
146 1289 169 1334 in
180 1285 485 1336 consuetudinemvertisset.
517 1285 578 1336 Num
589 1288 727 1353 neomagi-

66 1361 115 1400 tnre
130 1359 154 1400 et
163 1352 251 1413 insequi
264 1349 343 1414 poiitos
357 1351 500 1409 intermittis3
516 1360 540 1399 et
553 1367 605 1415 ego,
616 1353 651 1400 cui
667 1352 727 1400 dest·-

66 1417 125 1464 dinm
140 1416 311 1466 advocationum
327 1416 411 1479 objicis,
425 1416 579 1478 quotidinaum
595 1418 638 1464 hoc
651 1425 728 1480 putro-

65 1482 149 1529 cinium
170 1479 317 1530 defendendae
335 1481 443 1530 edemus
468 1489 493 1529 te
512 1481 609 1544 poddce
628 1495 731 1530 exerceo·

66 1546 121 1602 Quo
138 1546 205 1594 laetor
222 1547 302 1610 mugio,
320 1545 418 1595 oblatum
436 1546 501 1594 nobis
511 1545 619 1609 judicem,
634 1548 673 1608 qui
689 1560 728 1593 me

65 1611 103 1660 vel
121 1611 145 1658 in
160 1609 261 1658 futurum
278 1615 341 1659 vetet
358 1626 438 1660 versus
452 1610 533 1667 fucere,
548 1611 593 1667 vel,
608 1611 668 1673 quod
678 1611 726 1674 jun

65 1675 151 1738 pridem
168 1683 228 1738 opto,
246 1671 287 1723 sud
300 1687 391 1739 quoque
406 1675 538 1724 auctoritme
552 1674 678 1738 compellat,
693 1682 727 1731 ut,

66 1740 156 1788 omissis
164 1739 286 1789 forensium
295 1754 412 1791 censorum
422 1742 540 1803 engusdis,
549 1741 574 1788 in
584 1741 665 1801 quibus
675 1741 730 1788 setis

66 1805 122 1852 mihi
132 1820 242 1868 superque
256 1805 359 1856 sudatum
373 1811 417 1863 est,
428 1805 561 1854 sanctiorem
577 1806 643 1855 istum
654 1813 679 1853 et
687 1806 729 1853 sd·

66 1868 350 1933 gustiorem‘eloquentiun
360 1867 458 1919 colom?

99 1932 132 1980 V.
146 1934 223 1998 “Ego
232 1932 313 1989 vcro‚’¹
323 1934 397 1996 inquit
406 1934 530 1990 Secundus,
541 1939 557 1964 ⁴⁴
564 1939 684 1996 antequem
692 1946 731 1980 me

63 1999 163 2062 judicem
174 2001 237 2061 Aper
247 2006 342 2054 recuset,
352 1998 440 2055 inuium,
450 1999 510 2060 quod
522 2000 584 2061 probi
599 2007 623 2046 et
633 1997 730 2046 modesti

63 2062 153 2126 Judices
164 2064 242 2120 soient,
254 2071 280 2111 ut
289 2064 313 2111 in
324 2064 360 2110 his
369 2064 535 2126 cognitionibus
545 2078 571 2111 se
579 2070 694 2118 excusent,
705 2063 730 2110 iu

67 2128 148 2188 quibus
169 2127 311 2176 menifestum
334 2135 376 2183 est,
395 2127 488 2174 alterum
507 2127 565 2189 epud
583 2143 623 2176 eos
642 2135 730 2191 pertun

68 2190 143 2255 grntii
154 2193 281 2255 praevniere.
314 2191 374 2248 Qitis
384 2193 444 2239 enim
458 2193 536 2248 nescit,
548 2193 660 2241 nerninem
675 2192 732 2239 mihi

67 2257 243 2319 conjunctiorem
263 2272 314 2306 esse
334 2265 359 2304 et
380 2272 423 2304 usu
445 2257 550 2304 amicitie
564 2264 588 2304 et
601 2255 732 2304 assiduitste

68 2323 214 2377 contubernii,
231 2336 297 2382 quom
316 2321 416 2371 sudum
432 2321 536 2378 Bassmn,
553 2336 605 2368 cum
621 2321 731 2383 optimum

67 2386 151 2442 virum,
160 2392 208 2432 urm
224 2386 413 2435 absolutissimum
426 2386 533 2450 poiitnmi
548 2401 623 2449 porro,
638 2387 657 2433 si
674 2383 731 2448 poii·

68 2450 113 2497 tica
123 2457 244 2506 recusatur,
256 2451 379 2499 nontlium
389 2453 457 2500 video
463 2467 526 2499 reum
536 2447 730 2514 locupletiorem.”

101 2515 220 2563 “Securus
231 2513 284 2571 sit”
301 2516 374 2579 inquit
388 2519 458 2581 Aper,
475 2523 490 2547 ⁴⁸
500 2525 524 2564 et
535 2517 622 2565 Saleius
637 2515 732 2572 Bassus,

68 2584 94 2625 et
103 2580 202 2641 quisquis
217 2581 275 2629 elius
285 2581 385 2632 studium
397 2583 496 2650 podticn
504 2590 532 2632 et
543 2582 672 2631 mmmm
682 2580 739 2640 uin-

60 2642 198 2703 fflfflfffl‘ti
210 2661 361 2703 eumenum
372 2641 781 2721 egerenonpoedtwssw
