1680 3188
245 117 442 169 GERMANIA.
462 116 522 170 Car.
533 122 573 167 41.
694 127 741 172 2oe

71 266 167 315 surgere
194 251 253 298 haud
274 251 375 297 licitum:
404 266 444 313 per
469 252 563 298 humum
588 252 738 303 evolvunturr

71 333 145 378 eoque
156 317 230 364 omnis
247 317 375 377 superstitio
391 317 487 377 respicit,
503 327 616 379 tamquam
628 320 681 366 inde
696 320 741 366 ini·

70 384 103 429 tia
120 383 203 444 gentis,
221 382 250 427 ibi
267 390 373 443 regnator
389 382 489 428 omnium
507 383 568 438 deus,
586 392 669 431 caetera
686 385 739 432 sub-

65 449 130 510 jectu
147 456 214 507 utque
232 448 340 508 parentia.
372 446 457 509 Adjicit
475 450 630 495 auctoritatem
649 449 740 498 fortuna

71 513 219 565 Semnonum,
239 519 330 558 centum
348 513 413 573 pagis
429 512 588 560 habitantium:
609 529 739 578 magnoque

69 593 164 640 corpore
175 577 276 630 efficitur,
288 586 314 623 nt
325 592 349 622 se
361 577 486 623 Suevorum
497 586 563 639 caput
574 579 673 626 credant.

103 642 159 689 XL.
187 640 274 690 Contra
303 640 464 703 Langobardos
493 644 592 703 paucitas
616 645 734 692 nobilitata

68 708 171 772 plurimis
186 723 212 753 ac
229 707 387 752 valentissimis
402 707 528 753 nationibus
543 709 618 763 cincti,
635 725 681 756 non
696 724 738 772 pet·

68 773 208 832 obsequium,
237 772 276 817 scd
296 771 381 832 proeliis
403 781 426 819 et
447 773 591 834 periclitando
613 776 656 821 tuti
675 781 736 822 sunu

68 837 186 899 Reudigni
204 836 284 882 deiude
300 843 324 881 et
342 837 444 883 Aviones
455 845 478 883 et
495 838 566 900 Angli
578 847 601 885 ct
617 839 696 886 Varini
712 847 738 886 et

67 901 174 950 Eudoses
190 911 213 947 et
225 901 352 948 Suardones
368 910 392 948 et
408 901 536 949 Nuithones
553 903 682 959 fluminibus
696 911 736 951 aut

68 968 132 1015 silvis
143 967 289 1015 muniuntur:
309 981 351 1012 nec
359 968 478 1027 quidquam
491 968 587 1013 notabile
597 970 620 1014 in
632 969 735 1031 singulis,

68 1033 112 1079 nisi
124 1032 184 1093 quod
195 1032 217 1077 in
229 1047 349 1078 commune
360 1032 479 1085 Hermam,
491 1033 514 1078 id
526 1040 568 1086 eat,
579 1030 673 1079 Terram
685 1048 735 1081 ma·

66 1105 132 1149 trem,
151 1097 244 1153 colunt;
264 1113 358 1157 eamque
374 1098 509 1144 intervenire
526 1098 591 1144 rebus
609 1098 734 1154 bominum,

67 1162 144 1208 invelri
156 1161 251 1223 populis,
262 1164 401 1210 arbitrantur.
421 1161 467 1208 Eat
476 1163 499 1207 in
510 1161 585 1208 insuld
596 1162 682 1210 Oceani
693 1178 732 1210 ca·

66 1234 128 1274 stum
137 1242 223 1280 nemus,
235 1227 376 1287 dicatumque
386 1228 409 1273 in
418 1243 445 1273 eo
456 1227 589 1282 vehiculum,
602 1237 664 1275 veste
675 1243 731 1275 con·

66 1300 167 1339 tectum:
198 1293 308 1353 attingere
330 1293 368 1338 uui
391 1293 500 1339 sacerdoti
522 1307 661 1341 concessum.
705 1292 731 1341 Is

64 1358 145 1404 adesse
164 1357 271 1418 penetrali
291 1358 353 1403 deam
376 1357 487 1419 intelligit,
509 1365 642 1419 vectamque
660 1359 732 1406 bubus

64 1422 155 1469 leminis
173 1421 245 1468 multia
261 1437 313 1468 cum
329 1423 474 1470 ueneratione
489 1424 636 1485 prosequitur.
670 1423 732 1471 Laett

65 1496 120 1534 tunc
132 1487 185 1542 dies,
198 1487 318 1542 festaloca,
327 1503 473 1548 quaecumque
481 1489 578 1534 adventu
589 1489 731 1551 hospitioque

63 1553 176 1614 dignatur.
211 1551 265 1598 Non
287 1553 344 1599 bella
365 1554 449 1608 ineunt,
472 1569 517 1601 non
540 1569 601 1600 arma
623 1561 729 1613 sumunt;

63 1618 165 1664 clausum
183 1632 250 1663 omne
267 1616 364 1664 ferrum:
385 1633 430 1679 pax
447 1625 470 1664 et
487 1619 550 1679 quies
568 1625 624 1666 tunc
641 1627 729 1666 tantum

63 1690 124 1736 nota,
142 1691 196 1728 tunc
213 1690 300 1730 tantum
317 1691 395 1737 amata.
408 1684 478 1730 donec
496 1684 555 1730 idem
570 1686 673 1732 sacerdos
691 1700 730 1732 aa·

62 1748 141 1796 tiatarn
157 1749 327 1794 conversatione
344 1749 470 1794 mortalium
490 1751 554 1795 deam
574 1751 659 1811 templo
677 1750 729 1797 red·

61 1813 108 1860 dat.
140 1812 200 1858 Mox
216 1813 343 1859 vehiculum
355 1821 377 1858 et
392 1821 474 1868 restes,
486 1823 515 1868 et,
527 1816 546 1860 si
557 1815 647 1862 credere
663 1815 727 1871 velis,

61 1892 146 1926 numen
165 1878 245 1939 ipsum,
266 1885 351 1924 secreto
368 1879 418 1925 lncu
438 1879 541 1925 abluitur.
579 1880 644 1926 Servi
660 1881 728 1927 mini-

60 1950 147 1998 strant;
165 1958 221 2002 quos
230 1944 304 1989 statim
314 1942 373 1989 idem
384 1944 446 1989 lacus
457 1944 537 1991 haurit·
559 1943 664 1991 Arcanus
674 1945 728 1991 hinc

60 2016 139 2062 terror,
144 2015 272 2068 'sanctaque
283 2008 417 2070 ignorantia,
428 2010 481 2069 quid
492 2010 521 2055 sit
531 2009 593 2064 illud,
604 2009 665 2071 quod
675 2017 726 2056 tan·

59 2079 107 2120 tum
118 2073 210 2133 perituri
221 2073 305 2119 vident.
718 2085 722 2093 “

93 2135 162 2183 XLI.
180 2137 213 2183 Et
229 2139 278 2184 haec
295 2138 384 2198 quidem
401 2153 453 2200 pars
471 2137 597 2185 suevorum
608 2139 632 2184 in
648 2154 724 2187 secre-

58 2203 117 2249 tiora
127 2202 259 2249 Germaniae
272 2204 402 2264 porrigitur.
436 2201 532 2265 Propior
543 2204 586 2265 (ut,
597 2218 642 2263 quo
657 2205 725 2251 modo

57 2268 124 2328 paulo
144 2276 197 2314 ante
215 2266 332 2326 Rhenum,
350 2269 383 2314 sic
401 2282 462 2314 nunc
481 2266 612 2314 Danubium
632 2269 724 2330 sequar)

58 2331 272 2378 Hermundurorum
289 2333 375 2387 civitas,
388 2332 432 2380 lida
448 2332 565 2384 Romanis.
582 2348 654 2394 eoque
670 2334 724 2380 solis

57 2396 225 2444 Germanorum
237 2413 283 2444 non
298 2399 321 2443 in
336 2397 385 2459 ripd
394 2398 564 2455 commercium,
576 2399 615 2444 sed
626 2399 722 2459 penitus,

56 2468 124 2522 atque
140 2463 164 2508 in
182 2461 360 2523 splendidissimi
376 2463 475 2510 Rhaetiae
489 2464 613 2526 provinciae
628 2462 724 2509 colonid.

56 2525 144 2574 Passim
162 2534 186 2573 et
200 2528 249 2573 sine
264 2528 358 2574 custode
372 2536 501 2575 transeunts
520 2537 550 2584 et,
567 2543 618 2575 cum
636 2531 724 2576 caeteris

49 2592 158 2652 gentibus
177 2607 240 2639 arma
255 2593 324 2642 modo
343 2601 464 2658 castraque
477 2601 559 2642 nostra
576 2594 748 2653 causamn„

44 2654 81 2707 bis
91 2656 175 2723 domos
186 2659 303 2726 villasque
319 2661 483 2731 patefecimus,
493 2674 549 2710 non
561 2652 758 2720 conmp'xaeemm
770 2710 777 2719 ἱ
