1680 3188
28 100 30 104 ’
49 111 154 156 anm.
186 108 380 160 ANNALIUM
391 108 642 186 Lmltlvaemjot.
661 100 722 164 'snt

51 241 100 298 dia,
118 248 142 291 et
158 241 267 303 facilitate
283 244 383 306 priorum
402 241 548 305 flagitiorum,
568 243 633 306 plura
648 244 723 300 etiam,

51 322 122 369 quam
134 308 226 370 jussum
245 315 300 364 erat,
317 308 389 370 lingit,
408 308 534 370 fateturque
553 310 612 371 apud
630 309 723 368 amicos,

53 389 113 435 quos
130 374 195 420 velut
211 374 306 421 consilio
328 374 458 420 adhibuerat
475 375 587 436 princeps.
619 372 681 421 Tum
700 375 725 422 in

54 438 184 486 Sardiniam
195 439 292 501 pellitur,
312 439 349 486 ubi
360 454 406 485 non
421 440 486 502 inops
497 439 600 487 exsilium
611 439 724 496 toleravit,
779 464 782 471 ·

55 502 139 551 etfato
151 504 213 550 obiit

88 566 240 617 munst
257 567 329 626 Nero,
350 569 483 631 praefectum
497 571 522 616 in
535 584 597 633 spem
614 569 726 618 sociandae

54 634 135 681 classis
152 640 290 696 corruptum,
306 642 329 682 et
340 636 448 682 incusatae
462 635 530 698 paulo
541 643 593 682 ante
604 635 727 682 sterilitatis

55 700 147 754 oblitus,
165 699 256 746 abactos
269 707 347 762 partus
366 699 504 747 conscientib
518 700 641 754 libidinum,
656 714 727 760 eaque

56 765 100 811 sibi
111 771 235 826 comperta,
247 765 320 812 edicto
328 773 450 812 memorat:
465 765 584 826 insulbque
592 763 728 812 Pandataria

42 844 44 848 ⁴
56 829 179 876 Octaviam
195 829 286 876 claudit.
317 828 373 876 Non
384 831 427 877 alia
437 830 501 877 exsul
513 831 634 877 visentium
650 829 728 877 oculos

14 946 19 950 ⁴
57 895 145 957 majore
153 893 307 953 misericordiis
317 895 399 942 affecit.
427 895 582 943 Meminerant
592 895 665 942 adbuc
675 895 726 956 quir·

57 959 112 1005 dam
120 958 262 1023 Agrippinae,
274 957 386 1008 a'liberio
393 978 401 1018 ;
419 961 529 1007 recentior
539 960 609 1009 Juliae
615 960 727 1008 memoria

57 1025 227 1080 obversabatur,
240 1022 335 1072 Claudio
349 1026 428 1088 pulsae.
462 1026 507 1072 Sed
520 1025 564 1072 illis
576 1027 643 1072 robur
654 1026 728 1072 aetatis

57 1088 175 1136 adfuerat:
194 1089 248 1137 laeta
263 1091 337 1151 aliqua
347 1091 456 1145 videraut,
472 1098 495 1138 et
505 1098 640 1154 praesentem
659 1091 726 1136 saevi·

58 1155 116 1200 tiam
132 1155 232 1201 melioris
250 1156 305 1201 olim
322 1155 420 1221 fortunae
431 1156 585 1202 recordatione
595 1155 728 1202 allevabunt.

59 1217 126 1266 Huic
136 1220 234 1280 primurn
252 1221 380 1282 nuptiarum
400 1221 448 1267 dies
461 1220 513 1268 loco
530 1219 615 1266 funeris
625 1220 675 1272 l'uit,
687 1220 727 1265 de·

58 1285 136 1331 duetae
146 1285 171 1330 in
182 1285 282 1340 domurn,
290 1286 314 1331 in
323 1284 367 1347 qud
375 1287 430 1332 nihil
441 1286 483 1332 nisi
495 1287 623 1332 luctuosum
632 1286 728 1338 haberet,

58 1357 139 1410 erepto
153 1365 193 1412 per
200 1364 314 1397 venenum
324 1359 394 1414 patre,
406 1359 430 1396 et
441 1351 516 1397 statim
526 1350 606 1396 fratre:
626 1357 675 1395 tum
687 1364 729 1396 an·

58 1413 112 1460 oilla
123 1412 215 1461 domiui
226 1415 333 1463 validior:
353 1424 377 1462 et
393 1415 492 1478 Poppaea
507 1431 552 1462 uon
564 1416 606 1462 nisi
618 1416 641 1461 in
652 1416 728 1476 perni-

59 1480 118 1525 ciem
139 1480 217 1526 uxoris
239 1487 324 1543 nupta:
343 1488 470 1543 postremo·
480 1482 565 1528 crimen
583 1480 645 1526 omui
659 1480 730 1526 exitio

62 1559 166 1607 grauius.
198 1603 203 1612 .
364 1593 369 1601 ,

96 1607 192 1656 LXIV.
207 1609 244 1656 Ac
260 1611 342 1672 puella,
364 1612 472 1659 vicesimo
494 1612 566 1658 aetatis
585 1626 651 1666 anno,
672 1611 732 1657 inter

61 1675 207 1721 centuriones
225 1683 248 1722 et
264 1677 353 1732 milites,
372 1678 484 1740 praesagio
501 1679 610 1724 malorum
621 1677 670 1740 jam
685 1672 733 1722 virt

62 1747 161 1795 exemta,
174 1740 275 1787 nondum
287 1749 362 1788 tomen
372 1750 446 1790 morte
463 1743 622 1805 acquiescebat.
649 1741 732 1789 Paucis

62 1805 146 1870 debinc
158 1805 281 1868 interJectis
293 1807 370 1855 diebus
380 1809 438 1855 mori
448 1809 552 1871 jubeturr
571 1808 679 1869 cumjam
695 1807 731 1852 vi·

61 1870 130 1916 duam
140 1885 165 1917 se
176 1877 200 1916 et
211 1878 298 1918 tantum
310 1888 409 1920 sororem
420 1880 548 1930 testaretur,
556 1885 744 1932 communesquer

64 1934 225 1990 Germanicos,
242 1943 266 1983 et
280 1944 395 1997 postremo
416 1939 549 2001 Agrippinae
560 1952 643 1985 nomen
655 1938 731 1990 cieret,

64 1999 111 2060 qui
121 1999 237 2054 incolumi,
249 2000 326 2048 infelix
341 2004 430 2064 quidem
442 2003 617 2057 matrimonium,
633 2002 672 2049 sed
684 2002 733 2048 sine

63 2065 143 2119 exitio,¹
160 2065 297 2125 pertulisset.
328 2067 485 2128 Restriugitur
499 2068 604 2123 vinculis,
623 2081 734 2126 venaeque

63 2130 114 2191 ejus
126 2145 167 2191 per
181 2145 261 2177 omnes
278 2139 339 2179 artus
354 2134 514 2179 exsolvuntur:
535 2140 564 2186 et,
579 2133 632 2192 quia
641 2146 734 2194 pressus

63 2209 150 2256 pavore
167 2196 259 2256 sanguis
280 2198 363 2244 tardius
380 2198 500 2251 labebatur,
518 2196 645 2258 praefervidi
660 2196 733 2241 balnei

62 2274 150 2322 vapore
160 2268 275 2308 enecatur.
307 2263 449 2322 Additurque
460 2264 557 2309 atrocior
567 2261 662 2316 saevitia,
674 2259 735 2320 quod

65 2333 134 2387 caput
146 2333 292 2386 amputatum,
298 2328 412 2387 intumque
424 2328 447 2374 in
461 2327 554 2389 Urbem,
565 2325 665 2387 Poppaea
670 2325 736 2371 vidit.

65 2386 139 2437 Dona
150 2391 179 2444 ob
191 2391 240 2437 baec
251 2393 339 2454 templis
349 2392 447 2439 decreta.
479 2392 548 2446 Quod
565 2392 593 2437 ad
603 2405 655 2437 eum
666 2388 735 2436 finem

65 2456 251 2509 memoravimus,
267 2464 297 2512 ut,
317 2458 453 2518 quicumque
470 2472 535 2503 casus
547 2465 672 2518 temporum
684 2454 735 2501 illo-

64 2535 124 2576 rum,
138 2521 203 2566 nobis
214 2521 250 2566 vel
261 2521 309 2567 aliis
319 2524 454 2577 auctoribus,
467 2530 568 2575 noscent,
587 2528 736 2583 praesumtum

67 2584 172 2639 babeant,
184 2586 272 2645 quoties
281 2585 349 2651 fugas
367 2595 391 2636 et
408 2588 563 2655 eaedes‘punuit
576 2589 696 2652 princeps,
709 2593 751 2631 to·

62 2649 198 2758 laffoce,
213 2651 262 2701 ἀεί’
279 2663 362 2719 ³⁰l⁸⁸3
382 2675 486 2725 quaeque
503 2673 589 2708 rerum
607 2652 773 2705 secundarum

147 2727 175 2760 a
550 2742 570 2776 a
