1680 3188
134 149 183 196 214
247 148 271 198 J.
282 145 471 196 AGRICOLAE
483 148 574 197 VITA.
599 145 691 198 Cam.

134 280 256 341 digressus,
265 278 392 326 Domitiam
401 279 557 335 Decidianam,
567 280 688 342 splendidis
696 279 804 327 natalibus

135 352 215 400 ortam,
234 344 274 390 sibi
289 345 378 406 junxit:
404 346 471 405 idque
489 346 657 391 matrimonium
677 347 705 393 ad
722 347 805 408 mqiora

134 410 216 456 nitenti
227 410 295 456 decus
306 424 332 455 ac
341 409 407 456 robur
415 408 469 456 fuit:
486 411 636 471 vixeruntque
642 409 703 457 miri
709 423 804 458 concors

135 472 180 527 did,
197 488 238 536 per
255 482 357 521 mutuam
376 475 499 530 caritatem,
517 482 541 521 et
557 476 654 522 invicem
670 491 696 523 se
709 482 803 538 antepo-

134 539 224 596 neud03
247 540 290 585 nisi
306 540 366 599 quod
382 540 405 586 in
421 539 480 587 boni
496 555 567 587 uxore
582 547 646 586 tanto
662 541 736 603 major
750 540 804 595 laus,

134 612 220 665 quanto
231 605 255 650 in
265 602 324 650 mali
333 605 385 666 plus
395 605 467 668 culpae
478 613 519 651 est.
552 605 607 652 Sors
618 613 743 666 quaesturae
752 620 803 668 pro·

133 669 231 717 vinciam
242 670 329 725 Asiam,
344 671 499 731 proconsulem
516 670 612 717 salvium
622 669 748 726 Titianum,
765 670 804 717 de-

134 734 181 782 dit:
205 749 299 794 quorum
319 742 399 781 neutro
416 743 535 796 corruptus
552 742 603 792 est3
624 750 762 797 quamquam
780 740 804 783 ct

134 799 251 861 provincia
266 801 329 846 dives
345 815 371 846 ac
385 808 463 861 parata
475 800 625 862 peccantibus,
640 810 665 846 et
675 799 803 863 procons&

134 865 159 910 in
178 879 268 910 omnem
285 865 414 911 aviditatem
433 881 523 927 pronus,
543 864 681 927 quantilibet
698 864 804 913 uotiua

134 929 276 975 redemturus
282 937 342 976 essct
347 938 448 977 mutuam
457 930 656 977 dissimulationem
663 930 727 977 mali.
741 931 803 977 Auc-

134 1000 172 1040 tus
183 1002 218 1041 est
228 995 257 1040 ibi
267 993 319 1048 filit,
330 996 354 1041 in
365 996 487 1042 subsidium
499 1003 522 1042 et
533 995 638 1042 solatirun
650 994 733 1042 simulr
753 1008 802 1042 nam

135 1056 207 1105 filium
219 1068 272 1105 ante
282 1060 393 1106 sublatum
405 1061 467 1106 brevi
477 1061 558 1108 amisit.
590 1059 652 1107 Mox
666 1060 728 1106 inter
741 1074 803 1121 quaa·

135 1130 221 1170 aturam
228 1140 255 1170 ac
264 1125 399 1172 tribunatum
408 1125 484 1187 plebis,
496 1134 563 1186 atque
571 1125 639 1171 etiam
650 1126 727 1186 ipsum
734 1124 803 1171 tribu-

136 1189 204 1235 natds
215 1203 305 1245 annum,
320 1191 395 1251 quiete
405 1199 429 1238 et
439 1192 487 1238 otio
496 1191 593 1246 transiit,
604 1205 691 1253 gnarus
701 1190 745 1236 sub
754 1186 803 1235 Ne»

134 1268 192 1300 rone
211 1261 344 1315 temporum,
367 1256 446 1316 quibus
467 1257 547 1303 inertia
565 1271 606 1317 pro
626 1252 738 1317 sapientid
755 1252 803 1301 tuit.

135 1316 201 1364 Idem
216 1327 322 1381 praeturae
336 1328 402 1367 tenor
416 1328 439 1368 et
454 1321 581 1367 silentium:
604 1334 647 1366 nec
661 1320 724 1366 enirn
735 1316 803 1381 juris·

136 1383 205 1430 dictio
220 1385 347 1430 obvenerat.
380 1383 460 1432 Ludos
473 1393 497 1432 et
512 1385 588 1432 inanis
598 1384 691 1431 bonoria
702 1383 803 1430 modern

135 1449 205 1495 tionis
216 1455 283 1509 alque
290 1450 432 1496 abuudantiae
442 1450 514 1504 duxit,
524 1450 558 1496 uti
565 1450 588 1495 lo
622 1464 657 1496 ea
667 1445 763 1503 luxurii.
774 1447 806 1494 ita

134 1511 204 1559 famae
218 1513 314 1574 propior.
347 1513 407 1560 Tum
422 1514 507 1562 electus
520 1514 592 1561 aGal
634 1513 805 1561 addonatm·

134 1577 225 1640 plorum
245 1579 433 1640 recognoscenda,
451 1576 623 1641 diligentissimi
640 1577 806 1639 conquisitione

133 1642 236 1696 fecitne
251 1644 315 1704 cujus
328 1644 420 1691 alterius
434 1644 577 1708 sacrilegium
590 1643 722 1706 respublica,
737 1654 804 1703 quun

133 1705 242 1760 Neronis,
254 1706 368 1753 sensisset.

168 1768 228 1816 VII.
250 1770 351 1831 Sequens
367 1785 439 1817 annus
455 1772 520 1833 gravi
536 1771 631 1818 vulnere
645 1771 748 1817 animum
763 1768 802 1817 du·

134 1849 243 1894 mumque
252 1836 301 1896 ejus
308 1835 399 1880 afflixit:
418 1851 470 1882 nam
477 1836 555 1882 classis
563 1834 701 1890 Othoniana,
712 1836 799 1882 licenter

133 1914 200 1962 vaga,
218 1899 271 1945 dum
287 1896 418 1947 lntemelios
434 1899 550 1963 (Liguriae
564 1914 616 1962 pars
630 1898 678 1959 est)
695 1898 794 1947 bostilitt

133 1965 371 2076 popplatur,dmatqem
387 1964 504 2077 Agrpcolae
515 1966 544 2075 qu
559 1964 650 2075 praeplriiis
670 1965 718 2041 suis
735 1965 791 2011 inter

134 2035 787 2156 tlnt'tsttttttt,ttffitinmtltllft

133 2160 225 2222 pietatis
237 2159 350 2221 proiectus
361 2159 477 2221 Agricola,
492 2159 572 2206 nuntio
582 2157 679 2205 affectati
690 2173 705 2205 a
715 2157 778 2221 Vesp

135 2224 200 2271 aiano
214 2224 301 2285 imperii
312 2224 469 2285 deprehensus,
484 2239 511 2270 ac
522 2224 597 2270 statim
609 2223 632 2268 in
643 2229 720 2283 partes
730 2230 774 2269 trar

134 2303 228 2350 gressus
239 2295 280 2335 est
309 2286 377 2335 Initia
386 2288 523 2351 principatils
534 2304 560 2336 ac
571 2294 654 2334 statum
668 2286 771 2335 Uruntt

134 2354 213 2399 cianus
227 2353 325 2414 regebat,
342 2354 461 2399 admodum
474 2356 560 2416 juvene
576 2352 718 2406 Domitiano,
735 2359 760 2399 et

133 2416 228 2479 paterni
237 2415 329 2464 fortunia
339 2425 426 2465 tantum
436 2419 549 2465 licentiam
558 2425 687 2481 usurpante.
713 2414 738 2464 Is
746 2432 762 2462 n

133 2497 184 2528 sum
201 2484 229 2530 ad
245 2483 344 2531 delectus
358 2484 459 2545 agendos
473 2483 611 2545 Agricolam,
628 2485 758 2546 integrequt

128 2553 224 2595 strenue
237 2554 357 2602 uersatum,
372 2548 486 2596 vicesimae
500 2548 591 2611 legioni,
606 2549 669 2594 tarde
684 2549 713 2595 nd
727 2562 752 2595 sa

118 2621 225 2684 utentum
245 2624 407 2681 transgressae,
425 2615 557 2682 praeposuit,
572 2614 613 2660 ubi
627 2614 750 2659 decessori

106 2680 173 2728 ‘¹⁰⁸⁸
179 2695 256 2745 &ete
264 2686 423 2739 narrabatur:
442 2681 745 2753 quippelegntisquoquer
