1680 3188
102 420 149 465 144
181 413 372 464 ANNALIUM
383 412 622 464 Lnxvtcrrns.
648 416 761 461 mtto·

98 548 179 594 robore
189 558 346 604 annorumque
360 541 461 598 scientid,
476 551 562 591 metum
573 543 664 592 Neroni
673 544 761 603 smeret

97 626 128 658 ue
138 610 252 657 invaderet
262 607 367 669 pavidum
379 623 473 670 semper,
488 615 513 654 et
527 606 614 670 reperti
625 624 699 672 nuper
708 626 761 659 ean·

93 677 208 739 Juratione
218 673 291 734 magis
302 674 440 719 exterritum.
473 670 550 734 Igitur
559 674 669 729 centurio,
681 676 719 723 ubl
728 674 761 723 el·

96 741 161 802 sugit
170 739 231 785 villae
247 738 333 791 clausit,
345 739 410 799 jussa
424 737 563 798 imperatoris
574 736 670 786 Ostorio
685 740 761 803 aperit

97 803 123 852 ls
134 803 286 851 fortitudinem
302 803 419 848 adversum
434 803 510 848 hoster
525 816 586 864 saepe
600 810 725 865 specim
739 804 761 853 ῑη

97 885 123 917 se
132 870 207 916 vertit.
239 866 279 919 Et,
290 868 421 927 quiavenae,
432 881 566 926 quamquam
573 867 712 930 interruptas
723 884 761 932 ps-

96 950 146 981 rum
154 933 269 994 sanguinis
277 931 426 988 effundebant,
438 932 545 977 haetenus
553 946 621 978 manu
634 934 693 979 servi
701 948 760 989 urus,

97 1008 123 1045 ut
133 1001 251 1045 immotum
262 996 383 1058 pugionem
398 996 521 1049 extolleret,
539 996 649 1057 appressit
659 998 760 1045 deluam

98 1065 152 1126 ejus,
160 1062 286 1125 juguloque
298 1062 401 1107 occurrit.

131 1126 201 1173 XVI.
221 1127 297 1172 Etiam
316 1127 334 1171 si
352 1125 410 1171 bella
420 1131 513 1171 externa
524 1132 548 1170 et
558 1125 631 1172 obitas
641 1142 687 1188 pro
695 1142 758 1191 repu·

97 1191 154 1239 blicd
165 1199 249 1237 mortes
260 1187 322 1236 tanti
337 1205 428 1235 casuum
440 1188 583 1235 similitudine
593 1205 760 1249 memorerm

97 1271 177 1316 meque
194 1258 265 1318 ipsum
283 1255 373 1301 satietas
390 1255 491 1315 cepisset,
511 1252 651 1315 aliorumque
669 1256 759 1311 &dum

96 1328 257 1382 exspectarem,
269 1320 371 1379 quamvis
381 1320 487 1364 honestos
497 1318 580 1364 civium
592 1320 675 1375 exitus,
686 1320 760 1369 trister

97 1392 172 1431 tamen
189 1393 213 1431 ct
231 1385 350 1430 contInuos
370 1384 558 1444 adspernantiurn.
592 1383 626 1430 At
642 1398 705 1431 nuno
720 1400 759 1447 pr·

96 1451 175 1496 tientia
186 1449 278 1502 servilis,
295 1456 426 1509 tantumque
437 1448 552 1509 sanguinis
566 1448 627 1494 domi
642 1449 759 1511 perditum,

96 1514 191 1577 fatigant
207 1515 312 1566 animum,
333 1520 356 1559 et
372 1510 480 1558 moestitid
498 1510 645 1574 restringunt.
677 1512 759 1575 Neque

97 1580 162 1627 aliam
174 1579 326 1625 defensionem
337 1579 408 1632 abiis,
421 1577 501 1637 quibus
512 1578 555 1623 ista
565 1584 694 1633 noscentur,
706 1592 758 1625 exe·

96 1646 178 1707 gerim,
189 1659 262 1704 quam,
275 1658 303 1689 ne
314 1642 401 1689 oderint
411 1650 456 1687 tam
468 1642 568 1702 segniter
574 1650 701 1702 pereuntes.
723 1641 760 1691 lrr

96 1711 134 1756 illa
145 1710 262 1755 numinum
273 1708 296 1753 in
309 1722 344 1752 res
355 1706 470 1753 Romanas
481 1705 530 1759 fuit,
547 1720 612 1766 quam
629 1722 683 1762 nou,
698 1714 724 1755 ut
735 1708 758 1755 ln

95 1775 195 1821 cladibus
214 1772 352 1819 exercituum
374 1778 413 1818 aut
429 1771 557 1831 captivitate
575 1771 669 1825 urbium,
690 1772 759 1821 semel

96 1839 178 1885 editam
192 1838 285 1883 transire
295 1836 354 1881 licet
388 1834 463 1881 Detur
473 1835 516 1881 boc
527 1835 646 1881 illustrium
658 1836 758 1884 vitorum

95 1903 227 1966 posteritati,
239 1910 270 1955 ut,
282 1900 394 1961 quomodo
402 1900 534 1959 cnsequiIsu
544 1898 672 1961 promiscui
683 1902 757 1964 sepul·

96 1967 148 2015 turt
158 1973 294 2028 separantur,
311 1967 348 2018 ita,
362 1967 385 2010 in
396 1965 514 2010 traditione
525 1980 687 2026 supremorum,
699 1966 758 2015 accl-

94 2034 157 2099 piant
167 2032 306 2091 habeantque
316 2031 427 2092 propriam
437 2030 576 2075 memoriam.

128 2094 213 2142 XVII.
230 2094 318 2142 Paucos
333 2096 414 2156 quippe
425 2095 483 2138 intra
498 2094 551 2145 dies,
569 2095 648 2140 collem
659 2095 756 2157 agmine,

94 2162 198 2210 Annaeus
210 2160 288 2212 Mella,
306 2158 400 2206 Cerialis
414 2157 515 2211 Anicius,
533 2158 615 2204 Rufius
632 2158 756 2221 Crispinus,

94 2242 120 2274 ac
130 2224 158 2273 C.
168 2225 288 2271 Petronius
295 2221 407 2270 cecidere:
428 2222 499 2268 Melta
507 2230 530 2268 et
538 2222 662 2284 Crispinus,
671 2227 757 2284 equites

93 2290 199 2343 Romani,
211 2289 320 2350 dignitate
330 2285 449 2334 senatorii:
470 2302 521 2333 nam
533 2288 569 2334 hic
580 2289 693 2347 quondam
698 2305 756 2351 prae·

92 2356 165 2403 fectus
175 2356 281 2415 praetorii,
291 2361 313 2399 et
324 2352 475 2398 consularibus
483 2352 607 2412 insignibus
619 2353 721 2405 donatus,
730 2369 756 2401 ae

92 2436 163 2481 nuper
180 2419 273 2465 crImine
291 2418 450 2478 conjurationis
469 2419 491 2462 in
512 2417 637 2463 Sardiniam
655 2426 756 2474 exactus,

91 2492 184 2545 accepto
191 2486 262 2545 jussae
273 2484 352 2528 mortis
362 2484 449 2536 nuntio,
460 2489 530 2527 semet
541 2481 659 2528 interfecit.
675 2481 755 2539 Mella,

92 2551 172 2611 quibus
184 2549 260 2595 Gallio
272 2557 295 2593 et
306 2548 397 2602 Seneca,
414 2546 540 2608 parentibus
557 2553 629 2600 natus,
647 2548 756 2607 petitione

90 2616 201 2661 bonorum
218 2614 354 2659 ubstInuerat
371 2628 410 2673 per
428 2611 570 2656 ambitionem
587 2619 754 2673 praeposterutn,

90 2688 115 2726 ut
127 2694 195 2740 eques
208 2678 325 2724 Romanus
336 2677 487 2723 consularibus
498 2674 598 2737 potentii
609 2685 751 2736 aequaretur:

89 2744 157 2791 simul
169 2745 309 2805 acquirendae
320 2742 420 2802 pecuniae
430 2741 519 2786 brevius
533 2742 576 2785 iter
586 2742 697 2792 credebat,
713 2756 755 2802 per

159 2810 257 2854 rationes
267 2806 447 2854 admInistrandis
455 2805 559 2865 priucipis
568 2805 671 2865 negotiis.
688 2803 753 2853 Idem

210 2872 342 2926 Lucanum
360 2877 476 2933 genuerat,
498 2869 583 2930 grande
600 2868 753 2929 adiumentum

61 2822 231 3026 ἣῐεε
250 2955 302 3003 quo
310 2936 442 2994 interfecto,
454 2931 707 2983 duntrcmianidurem
714 2934 767 2994 epus
