<?xml version="1.0" encoding="UTF-8"?>
<!DOCTYPE html PUBLIC "-//W3C//DTD XHTML 1.0 Transitional//EN"
    "http://www.w3.org/TR/xhtml1/DTD/xhtml1-transitional.dtd">
<html xmlns="http://www.w3.org/1999/xhtml" xml:lang="en" lang="en">
 <head>
  <title>
</title>
<meta http-equiv="Content-Type" content="text/html;charset=utf-8" />
  <meta name='ocr-system' content='tesseract 3.04.00' />
  <meta name='ocr-capabilities' content='ocr_page ocr_carea ocr_par ocr_line ocrx_word'/>
</head>
<body>
  <div class='ocr_page' id='page_1' title='image "./ccorneliitaciti01obergoog_0186.png"; bbox 0 0 1680 3188; ppageno 0'>
   <div class='ocr_carea' id='block_1_1' title="bbox 54 111 725 170">
    <p class='ocr_par' dir='ltr' id='par_1_1' title="bbox 54 111 725 170">
     <span class='ocr_line' id='line_1_1' title="bbox 54 111 725 170; baseline 0.009 -8"><span class='ocrx_word' id='word_1_1' title='bbox 54 117 153 170; x_wconf 59' lang='grc' dir='ltr'>λαός·</span> <span class='ocrx_word' id='word_1_2' title='bbox 216 111 568 167; x_wconf 67' lang='grc' dir='ltr'>ἸιῑιΧΉΑΝΝΑΗΠΜ</span> <span class='ocrx_word' id='word_1_3' title='bbox 622 112 625 116; x_wconf 79' lang='grc'><strong>’</strong></span> <span class='ocrx_word' id='word_1_4' title='bbox 680 119 725 168; x_wconf 73' lang='grc'>181</span> 
     </span>
    </p>
   </div>
   <div class='ocr_carea' id='block_1_2' title="bbox 10 248 831 2654">
    <p class='ocr_par' dir='ltr' id='par_1_2' title="bbox 54 248 728 1284">
     <span class='ocr_line' id='line_1_2' title="bbox 54 248 728 312; baseline 0.001 -16"><span class='ocrx_word' id='word_1_5' title='bbox 54 249 209 297; x_wconf 77' lang='lat' dir='ltr'>Mithridaten</span> <span class='ocrx_word' id='word_1_6' title='bbox 227 258 251 297; x_wconf 91' lang='lat' dir='ltr'>et</span> <span class='ocrx_word' id='word_1_7' title='bbox 273 248 420 312; x_wconf 85' lang='lat' dir='ltr'>Cingonium,</span> <span class='ocrx_word' id='word_1_8' title='bbox 442 249 557 296; x_wconf 88' lang='lat' dir='ltr'>consulem</span> <span class='ocrx_word' id='word_1_9' title='bbox 576 249 728 312; x_wconf 84' lang='lat' dir='ltr'>designatum,</span> 
     </span>
     <span class='ocr_line' id='line_1_3' title="bbox 54 313 728 376; baseline 0.003 -15"><span class='ocrx_word' id='word_1_10' title='bbox 54 316 164 376; x_wconf 77' lang='lat' dir='ltr'>principis</span> <span class='ocrx_word' id='word_1_11' title='bbox 180 316 254 362; x_wconf 87' lang='lat' dir='ltr'>edicto</span> <span class='ocrx_word' id='word_1_12' title='bbox 265 316 348 362; x_wconf 86' lang='lat' dir='ltr'>amicos</span> <span class='ocrx_word' id='word_1_13' title='bbox 360 314 461 361; x_wconf 81' lang='lat' dir='ltr'><strong>sociosve</strong></span> <span class='ocrx_word' id='word_1_14' title='bbox 473 313 604 376; x_wconf 83' lang='lat' dir='ltr'>Nymphidii</span> <span class='ocrx_word' id='word_1_15' title='bbox 616 315 728 364; x_wconf 87' lang='lat' dir='ltr'>inauditos</span> 
     </span>
     <span class='ocr_line' id='line_1_4' title="bbox 56 379 727 428; baseline 0.001 -1"><span class='ocrx_word' id='word_1_16' title='bbox 56 387 80 427; x_wconf 87' lang='lat' dir='ltr'>et</span> <span class='ocrx_word' id='word_1_17' title='bbox 98 379 228 428; x_wconf 85' lang='lat' dir='ltr'>indefensos</span> <span class='ocrx_word' id='word_1_18' title='bbox 246 388 319 426; x_wconf 91' lang='lat' dir='ltr'>morte</span> <span class='ocrx_word' id='word_1_19' title='bbox 336 380 433 426; x_wconf 87' lang='lat' dir='ltr'>multari.</span> <span class='ocrx_word' id='word_1_20' title='bbox 467 379 582 426; x_wconf 85' lang='lat' dir='ltr'>Mollisset</span> <span class='ocrx_word' id='word_1_21' title='bbox 597 389 673 428; x_wconf 85' lang='lat' dir='ltr'>tamen</span> <span class='ocrx_word' id='word_1_22' title='bbox 690 382 727 428; x_wconf 89' lang='lat' dir='ltr'>in·</span> 
     </span>
     <span class='ocr_line' id='line_1_5' title="bbox 54 442 728 506; baseline 0 -14"><span class='ocrx_word' id='word_1_23' title='bbox 54 447 215 506; x_wconf 82' lang='lat' dir='ltr'>tarrrpestiram</span> <span class='ocrx_word' id='word_1_24' title='bbox 227 445 368 492; x_wconf 83' lang='lat' dir='ltr'>severitatem</span> <span class='ocrx_word' id='word_1_25' title='bbox 377 442 463 490; x_wconf 76' lang='lat' dir='ltr'>tutandi</span> <span class='ocrx_word' id='word_1_26' title='bbox 472 444 558 505; x_wconf 87' lang='lat' dir='ltr'>imperii</span> <span class='ocrx_word' id='word_1_27' title='bbox 566 446 678 500; x_wconf 87' lang='lat' dir='ltr'>voluntas,</span> <span class='ocrx_word' id='word_1_28' title='bbox 687 454 728 493; x_wconf 86' lang='lat' dir='ltr'>aut</span> 
     </span>
     <span class='ocr_line' id='line_1_6' title="bbox 55 510 725 570; baseline 0 -14"><span class='ocrx_word' id='word_1_29' title='bbox 55 511 186 565; x_wconf 68' lang='lat' dir='ltr'>necessitas,</span> <span class='ocrx_word' id='word_1_30' title='bbox 201 511 225 556; x_wconf 87' lang='lat' dir='ltr'>ni</span> <span class='ocrx_word' id='word_1_31' title='bbox 235 510 315 557; x_wconf 88' lang='lat' dir='ltr'>fuisset</span> <span class='ocrx_word' id='word_1_32' title='bbox 326 511 384 555; x_wconf 87' lang='lat' dir='ltr'>idem</span> <span class='ocrx_word' id='word_1_33' title='bbox 397 510 503 555; x_wconf 85' lang='lat' dir='ltr'>adversus</span> <span class='ocrx_word' id='word_1_34' title='bbox 515 524 593 556; x_wconf 89' lang='lat' dir='ltr'>omnes</span> <span class='ocrx_word' id='word_1_35' title='bbox 604 517 671 570; x_wconf 88' lang='lat' dir='ltr'>atque</span> <span class='ocrx_word' id='word_1_36' title='bbox 682 512 725 556; x_wconf 90' lang='lat' dir='ltr'>im-</span> 
     </span>
     <span class='ocr_line' id='line_1_7' title="bbox 54 574 726 637; baseline 0.003 -17"><span class='ocrx_word' id='word_1_37' title='bbox 54 575 149 621; x_wconf 89' lang='lat' dir='ltr'>meritos</span> <span class='ocrx_word' id='word_1_38' title='bbox 161 576 230 637; x_wconf 84' lang='lat' dir='ltr'>rigor.</span> <span class='ocrx_word' id='word_1_39' title='bbox 264 575 308 622; x_wconf 87' lang='lat' dir='ltr'>Sed</span> <span class='ocrx_word' id='word_1_40' title='bbox 320 589 371 620; x_wconf 89' lang='lat' dir='ltr'>cum</span> <span class='ocrx_word' id='word_1_41' title='bbox 382 574 458 635; x_wconf 85' lang='lat' dir='ltr'>legati,</span> <span class='ocrx_word' id='word_1_42' title='bbox 470 589 483 619; x_wconf 89' lang='lat' dir='ltr'>a</span> <span class='ocrx_word' id='word_1_43' title='bbox 495 583 573 620; x_wconf 87' lang='lat' dir='ltr'>senatu</span> <span class='ocrx_word' id='word_1_44' title='bbox 582 576 651 631; x_wconf 90' lang='lat' dir='ltr'>missi,</span> <span class='ocrx_word' id='word_1_45' title='bbox 663 574 726 622; x_wconf 84' lang='lat' dir='ltr'>Nor·</span> 
     </span>
     <span class='ocr_line' id='line_1_8' title="bbox 54 638 726 701; baseline 0 -15"><span class='ocrx_word' id='word_1_46' title='bbox 54 639 138 686; x_wconf 87' lang='lat' dir='ltr'>bouem</span> <span class='ocrx_word' id='word_1_47' title='bbox 154 639 266 686; x_wconf 90' lang='lat' dir='ltr'>Martium</span> <span class='ocrx_word' id='word_1_48' title='bbox 286 638 451 694; x_wconf 77' lang='lat' dir='ltr'>advertissent,</span> <span class='ocrx_word' id='word_1_49' title='bbox 474 645 499 684; x_wconf 90' lang='lat' dir='ltr'>ut</span> <span class='ocrx_word' id='word_1_50' title='bbox 514 640 609 700; x_wconf 84' lang='lat' dir='ltr'>principi</span> <span class='ocrx_word' id='word_1_51' title='bbox 625 641 726 701; x_wconf 86' lang='lat' dir='ltr'>gratula-</span> 
     </span>
     <span class='ocr_line' id='line_1_9' title="bbox 55 703 725 766; baseline 0.001 -16"><span class='ocrx_word' id='word_1_52' title='bbox 55 711 141 758; x_wconf 86' lang='lat' dir='ltr'><strong>rentur,</strong></span> <span class='ocrx_word' id='word_1_53' title='bbox 161 713 185 751; x_wconf 90' lang='lat' dir='ltr'>et</span> <span class='ocrx_word' id='word_1_54' title='bbox 203 705 383 766; x_wconf 88' lang='lat' dir='ltr'>quamprimum</span> <span class='ocrx_word' id='word_1_55' title='bbox 400 703 498 750; x_wconf 88' lang='lat' dir='ltr'><strong>Romam</strong></span> <span class='ocrx_word' id='word_1_56' title='bbox 515 705 608 759; x_wconf 89' lang='lat' dir='ltr'>veniret,</span> <span class='ocrx_word' id='word_1_57' title='bbox 628 713 725 761; x_wconf 86' lang='lat' dir='ltr'>orarent,</span> 
     </span>
     <span class='ocr_line' id='line_1_10' title="bbox 54 767 727 831; baseline 0.004 -18"><span class='ocrx_word' id='word_1_58' title='bbox 54 784 122 831; x_wconf 87' lang='lat' dir='ltr'>parca</span> <span class='ocrx_word' id='word_1_59' title='bbox 132 768 176 816; x_wconf 86' lang='lat' dir='ltr'>suit</span> <span class='ocrx_word' id='word_1_60' title='bbox 186 771 288 824; x_wconf 78' lang='lat' dir='ltr'>civilitas,</span> <span class='ocrx_word' id='word_1_61' title='bbox 300 770 355 815; x_wconf 87' lang='lat' dir='ltr'>nihil</span> <span class='ocrx_word' id='word_1_62' title='bbox 363 770 482 815; x_wconf 86' lang='lat' dir='ltr'>comitatis.</span> <span class='ocrx_word' id='word_1_63' title='bbox 515 767 567 815; x_wconf 86' lang='lat' dir='ltr'>Pari</span> <span class='ocrx_word' id='word_1_64' title='bbox 578 769 727 816; x_wconf 85' lang='lat' dir='ltr'>illiberalitate</span> 
     </span>
     <span class='ocr_line' id='line_1_11' title="bbox 55 833 726 896; baseline 0.001 -16"><span class='ocrx_word' id='word_1_65' title='bbox 55 842 165 895; x_wconf 84' lang='lat' dir='ltr'>exceptus</span> <span class='ocrx_word' id='word_1_66' title='bbox 182 833 313 896; x_wconf 81' lang='lat' dir='ltr'>Verginius,</span> <span class='ocrx_word' id='word_1_67' title='bbox 330 834 438 880; x_wconf 86' lang='lat' dir='ltr'>debellato</span> <span class='ocrx_word' id='word_1_68' title='bbox 455 835 541 894; x_wconf 82' lang='lat' dir='ltr'>imperii</span> <span class='ocrx_word' id='word_1_69' title='bbox 558 835 629 889; x_wconf 90' lang='lat' dir='ltr'>hoste,</span> <span class='ocrx_word' id='word_1_70' title='bbox 650 841 726 896; x_wconf 85' lang='lat' dir='ltr'>spreto</span> 
     </span>
     <span class='ocr_line' id='line_1_12' title="bbox 54 899 725 961; baseline 0 -16"><span class='ocrx_word' id='word_1_71' title='bbox 54 899 188 961; x_wconf 84' lang='lat' dir='ltr'>principatu,</span> <span class='ocrx_word' id='word_1_72' title='bbox 205 915 317 946; x_wconf 89' lang='lat' dir='ltr'>summum</span> <span class='ocrx_word' id='word_1_73' title='bbox 333 900 424 945; x_wconf 88' lang='lat' dir='ltr'>honoris</span> <span class='ocrx_word' id='word_1_74' title='bbox 439 899 580 959; x_wconf 88' lang='lat' dir='ltr'>promeritus.</span> <span class='ocrx_word' id='word_1_75' title='bbox 613 899 647 945; x_wconf 82' lang='lat' dir='ltr'>At</span> <span class='ocrx_word' id='word_1_76' title='bbox 662 901 725 956; x_wconf 81' lang='lat' dir='ltr'>felix,</span> 
     </span>
     <span class='ocr_line' id='line_1_13' title="bbox 54 964 724 1026; baseline 0 -16"><span class='ocrx_word' id='word_1_77' title='bbox 54 965 101 1024; x_wconf 77' lang='lat' dir='ltr'>qui,</span> <span class='ocrx_word' id='word_1_78' title='bbox 113 965 142 1010; x_wconf 88' lang='lat' dir='ltr'>ob</span> <span class='ocrx_word' id='word_1_79' title='bbox 154 964 246 1011; x_wconf 80' lang='lat' dir='ltr'>nimiam</span> <span class='ocrx_word' id='word_1_80' title='bbox 256 965 363 1011; x_wconf 89' lang='lat' dir='ltr'>virtutem</span> <span class='ocrx_word' id='word_1_81' title='bbox 372 979 449 1026; x_wconf 87' lang='lat' dir='ltr'>parum</span> <span class='ocrx_word' id='word_1_82' title='bbox 458 970 536 1025; x_wconf 85' lang='lat' dir='ltr'>gratus</span> <span class='ocrx_word' id='word_1_83' title='bbox 545 965 653 1024; x_wconf 81' lang='lat' dir='ltr'>suspicaci</span> <span class='ocrx_word' id='word_1_84' title='bbox 661 965 724 1026; x_wconf 90' lang='lat' dir='ltr'>prin·</span> 
     </span>
     <span class='ocr_line' id='line_1_14' title="bbox 55 1029 726 1091; baseline 0.003 -17"><span class='ocrx_word' id='word_1_85' title='bbox 55 1029 106 1090; x_wconf 88' lang='lat' dir='ltr'>cipi,</span> <span class='ocrx_word' id='word_1_86' title='bbox 124 1029 147 1075; x_wconf 90' lang='lat' dir='ltr'>id</span> <span class='ocrx_word' id='word_1_87' title='bbox 163 1029 186 1075; x_wconf 90' lang='lat' dir='ltr'>in</span> <span class='ocrx_word' id='word_1_88' title='bbox 204 1031 238 1076; x_wconf 92' lang='lat' dir='ltr'>his</span> <span class='ocrx_word' id='word_1_89' title='bbox 252 1037 378 1091; x_wconf 89' lang='lat' dir='ltr'>temporum</span> <span class='ocrx_word' id='word_1_90' title='bbox 393 1030 492 1075; x_wconf 91' lang='lat' dir='ltr'>adversis</span> <span class='ocrx_word' id='word_1_91' title='bbox 509 1035 545 1074; x_wconf 87' lang='lat' dir='ltr'>est</span> <span class='ocrx_word' id='word_1_92' title='bbox 560 1037 682 1084; x_wconf 88' lang='lat' dir='ltr'>assecutus,</span> <span class='ocrx_word' id='word_1_93' title='bbox 700 1035 726 1076; x_wconf 88' lang='lat' dir='ltr'>ut</span> 
     </span>
     <span class='ocr_line' id='line_1_15' title="bbox 55 1093 725 1156; baseline 0 -16"><span class='ocrx_word' id='word_1_94' title='bbox 55 1093 166 1140; x_wconf 87' lang='lat' dir='ltr'>malorum</span> <span class='ocrx_word' id='word_1_95' title='bbox 178 1095 305 1155; x_wconf 84' lang='lat' dir='ltr'>reipublicae</span> <span class='ocrx_word' id='word_1_96' title='bbox 313 1101 425 1156; x_wconf 85' lang='lat' dir='ltr'>spectator</span> <span class='ocrx_word' id='word_1_97' title='bbox 433 1101 527 1145; x_wconf 86' lang='lat' dir='ltr'>tantum,</span> <span class='ocrx_word' id='word_1_98' title='bbox 539 1108 584 1139; x_wconf 91' lang='lat' dir='ltr'>non</span> <span class='ocrx_word' id='word_1_99' title='bbox 593 1099 661 1147; x_wconf 89' lang='lat' dir='ltr'>actor,</span> <span class='ocrx_word' id='word_1_100' title='bbox 673 1094 725 1155; x_wconf 85' lang='lat' dir='ltr'>glo·</span> 
     </span>
     <span class='ocr_line' id='line_1_16' title="bbox 55 1158 725 1236; baseline 0 -31"><span class='ocrx_word' id='word_1_101' title='bbox 55 1159 95 1205; x_wconf 82' lang='lat' dir='ltr'>riae</span> <span class='ocrx_word' id='word_1_102' title='bbox 113 1173 161 1205; x_wconf 89' lang='lat' dir='ltr'>suae</span> <span class='ocrx_word' id='word_1_103' title='bbox 178 1167 296 1236; x_wconf 88' lang='lat' dir='ltr'>superstes,</span> <span class='ocrx_word' id='word_1_104' title='bbox 313 1160 342 1204; x_wconf 87' lang='lat' dir='ltr'>ad</span> <span class='ocrx_word' id='word_1_105' title='bbox 358 1174 384 1206; x_wconf 90' lang='lat' dir='ltr'>es</span> <span class='ocrx_word' id='word_1_106' title='bbox 400 1173 472 1219; x_wconf 89' lang='lat' dir='ltr'>usque</span> <span class='ocrx_word' id='word_1_107' title='bbox 485 1158 599 1204; x_wconf 85' lang='lat' dir='ltr'>duraverit</span> <span class='ocrx_word' id='word_1_108' title='bbox 615 1165 725 1221; x_wconf 87' lang='lat' dir='ltr'>tempora,</span> 
     </span>
     <span class='ocr_line' id='line_1_17' title="bbox 55 1223 459 1284; baseline 0.003 -16"><span class='ocrx_word' id='word_1_109' title='bbox 55 1224 137 1284; x_wconf 92' lang='lat' dir='ltr'>quibus</span> <span class='ocrx_word' id='word_1_110' title='bbox 148 1225 230 1270; x_wconf 84' lang='lat' dir='ltr'>revixit</span> <span class='ocrx_word' id='word_1_111' title='bbox 241 1223 347 1270; x_wconf 89' lang='lat' dir='ltr'>Romana</span> <span class='ocrx_word' id='word_1_112' title='bbox 357 1223 459 1270; x_wconf 82' lang='lat' dir='ltr'>felicitas.</span> 
     </span>
    </p>

    <p class='ocr_par' dir='ltr' id='par_1_3' title="bbox 54 1274 741 2130">
     <span class='ocr_line' id='line_1_18' title="bbox 69 1274 724 1350; baseline -0.003 -13.939"><span class='ocrx_word' id='word_1_113' title='bbox 69 1285 205 1350; x_wconf 88' lang='lat' dir='ltr'>[Cruento</span> <span class='ocrx_word' id='word_1_114' title='bbox 217 1296 291 1335; x_wconf 86' lang='lat' dir='ltr'>sutem</span> <span class='ocrx_word' id='word_1_115' title='bbox 303 1289 409 1349; x_wconf 87' lang='lat' dir='ltr'>principis</span> <span class='ocrx_word' id='word_1_116' title='bbox 419 1289 499 1335; x_wconf 90' lang='lat' dir='ltr'>itinere</span> <span class='ocrx_word' id='word_1_117' title='bbox 509 1286 591 1334; x_wconf 87' lang='lat' dir='ltr'>foedior</span> <span class='ocrx_word' id='word_1_118' title='bbox 598 1274 672 1334; x_wconf 83' lang='lat' dir='ltr'>adhuc</span> <span class='ocrx_word' id='word_1_119' title='bbox 683 1288 724 1334; x_wconf 87' lang='lat' dir='ltr'>ad·</span> 
     </span>
     <span class='ocr_line' id='line_1_19' title="bbox 55 1352 724 1413; baseline -0.001 -14"><span class='ocrx_word' id='word_1_120' title='bbox 55 1360 152 1400; x_wconf 84' lang='lat' dir='ltr'>ventus:</span> <span class='ocrx_word' id='word_1_121' title='bbox 182 1352 288 1413; x_wconf 89' lang='lat' dir='ltr'>Urbsque</span> <span class='ocrx_word' id='word_1_122' title='bbox 308 1354 399 1406; x_wconf 79' lang='lat' dir='ltr'>horruit,</span> <span class='ocrx_word' id='word_1_123' title='bbox 422 1354 553 1407; x_wconf 83' lang='lat' dir='ltr'>classiarios,</span> <span class='ocrx_word' id='word_1_124' title='bbox 573 1353 610 1412; x_wconf 92' lang='lat' dir='ltr'>qui</span> <span class='ocrx_word' id='word_1_125' title='bbox 632 1353 724 1399; x_wconf 91' lang='lat' dir='ltr'>obviam</span> 
     </span>
     <span class='ocr_line' id='line_1_20' title="bbox 56 1417 741 1478; baseline -0.004 -14"><span class='ocrx_word' id='word_1_126' title='bbox 56 1427 207 1474; x_wconf 86' lang='lat' dir='ltr'>occurrerant,</span> <span class='ocrx_word' id='word_1_127' title='bbox 220 1419 304 1478; x_wconf 86' lang='lat' dir='ltr'>sibique</span> <span class='ocrx_word' id='word_1_128' title='bbox 314 1419 416 1464; x_wconf 86' lang='lat' dir='ltr'>militiam</span> <span class='ocrx_word' id='word_1_129' title='bbox 428 1434 441 1464; x_wconf 86' lang='lat' dir='ltr'>a</span> <span class='ocrx_word' id='word_1_130' title='bbox 452 1417 546 1464; x_wconf 88' lang='lat' dir='ltr'>Nerone</span> <span class='ocrx_word' id='word_1_131' title='bbox 556 1418 631 1464; x_wconf 88' lang='lat' dir='ltr'>datam</span> <span class='ocrx_word' id='word_1_132' title='bbox 640 1419 725 1465; x_wconf 85' lang='lat' dir='ltr'>servari</span> <span class='ocrx_word' id='word_1_133' title='bbox 736 1444 741 1461; x_wconf 53' lang='lat' dir='ltr'>r</span> 
     </span>
     <span class='ocr_line' id='line_1_21' title="bbox 55 1483 725 1546; baseline 0.001 -17"><span class='ocrx_word' id='word_1_134' title='bbox 55 1483 157 1538; x_wconf 81' lang='lat' dir='ltr'>orabant,</span> <span class='ocrx_word' id='word_1_135' title='bbox 172 1498 218 1530; x_wconf 88' lang='lat' dir='ltr'>non</span> <span class='ocrx_word' id='word_1_136' title='bbox 229 1485 297 1529; x_wconf 91' lang='lat' dir='ltr'>modo</span> <span class='ocrx_word' id='word_1_137' title='bbox 308 1484 375 1546; x_wconf 90' lang='lat' dir='ltr'>rejici,</span> <span class='ocrx_word' id='word_1_138' title='bbox 391 1483 436 1538; x_wconf 88' lang='lat' dir='ltr'>sed,</span> <span class='ocrx_word' id='word_1_139' title='bbox 452 1483 489 1544; x_wconf 84' lang='lat' dir='ltr'>qui</span> <span class='ocrx_word' id='word_1_140' title='bbox 504 1483 600 1544; x_wconf 87' lang='lat' dir='ltr'>aquilam</span> <span class='ocrx_word' id='word_1_141' title='bbox 615 1483 725 1544; x_wconf 85' lang='lat' dir='ltr'>signaque</span> 
     </span>
     <span class='ocr_line' id='line_1_22' title="bbox 55 1547 724 1610; baseline 0 -16"><span class='ocrx_word' id='word_1_142' title='bbox 55 1549 191 1610; x_wconf 83' lang='lat' dir='ltr'>pertinacius</span> <span class='ocrx_word' id='word_1_143' title='bbox 209 1547 372 1610; x_wconf 86' lang='lat' dir='ltr'>flagitaverant,</span> <span class='ocrx_word' id='word_1_144' title='bbox 390 1548 491 1594; x_wconf 89' lang='lat' dir='ltr'>immisso</span> <span class='ocrx_word' id='word_1_145' title='bbox 506 1547 626 1595; x_wconf 83' lang='lat' dir='ltr'>confestim</span> <span class='ocrx_word' id='word_1_146' title='bbox 642 1549 724 1608; x_wconf 89' lang='lat' dir='ltr'>equite,</span> 
     </span>
     <span class='ocr_line' id='line_1_23' title="bbox 56 1612 727 1674; baseline 0.001 -16"><span class='ocrx_word' id='word_1_147' title='bbox 56 1628 167 1674; x_wconf 87' lang='lat' dir='ltr'>equorum</span> <span class='ocrx_word' id='word_1_148' title='bbox 176 1613 198 1660; x_wconf 91' lang='lat' dir='ltr'>vi</span> <span class='ocrx_word' id='word_1_149' title='bbox 207 1614 285 1668; x_wconf 86' lang='lat' dir='ltr'>obteri,</span> <span class='ocrx_word' id='word_1_150' title='bbox 296 1621 334 1660; x_wconf 90' lang='lat' dir='ltr'>aut</span> <span class='ocrx_word' id='word_1_151' title='bbox 342 1613 457 1658; x_wconf 87' lang='lat' dir='ltr'>trucidari:</span> <span class='ocrx_word' id='word_1_152' title='bbox 474 1614 611 1674; x_wconf 89' lang='lat' dir='ltr'>superstites,</span> <span class='ocrx_word' id='word_1_153' title='bbox 623 1613 646 1659; x_wconf 91' lang='lat' dir='ltr'>in</span> <span class='ocrx_word' id='word_1_154' title='bbox 655 1612 727 1660; x_wconf 89' lang='lat' dir='ltr'>Urbis</span> 
     </span>
     <span class='ocr_line' id='line_1_24' title="bbox 56 1676 725 1732; baseline 0.001 -8"><span class='ocrx_word' id='word_1_155' title='bbox 56 1678 128 1724; x_wconf 89' lang='lat' dir='ltr'>oculis</span> <span class='ocrx_word' id='word_1_156' title='bbox 148 1678 260 1732; x_wconf 88' lang='lat' dir='ltr'>decimari,</span> <span class='ocrx_word' id='word_1_157' title='bbox 280 1676 409 1725; x_wconf 77' lang='lat' dir='ltr'>custodiive</span> <span class='ocrx_word' id='word_1_158' title='bbox 428 1679 523 1732; x_wconf 85' lang='lat' dir='ltr'>attineri,</span> <span class='ocrx_word' id='word_1_159' title='bbox 542 1679 595 1724; x_wconf 90' lang='lat' dir='ltr'>licet</span> <span class='ocrx_word' id='word_1_160' title='bbox 614 1679 637 1723; x_wconf 91' lang='lat' dir='ltr'>in</span> <span class='ocrx_word' id='word_1_161' title='bbox 657 1677 725 1725; x_wconf 84' lang='lat' dir='ltr'>iidem</span> 
     </span>
     <span class='ocr_line' id='line_1_25' title="bbox 56 1743 725 1804; baseline 0.003 -16"><span class='ocrx_word' id='word_1_162' title='bbox 56 1751 169 1804; x_wconf 87' lang='lat' dir='ltr'>acceptos.</span> <span class='ocrx_word' id='word_1_163' title='bbox 201 1743 280 1789; x_wconf 86' lang='lat' dir='ltr'>Amoti</span> <span class='ocrx_word' id='word_1_164' title='bbox 290 1744 358 1790; x_wconf 88' lang='lat' dir='ltr'>etiam</span> <span class='ocrx_word' id='word_1_165' title='bbox 371 1745 556 1804; x_wconf 84' lang='lat' dir='ltr'>praetorianorum</span> <span class='ocrx_word' id='word_1_166' title='bbox 571 1744 680 1804; x_wconf 88' lang='lat' dir='ltr'>plerique,</span> <span class='ocrx_word' id='word_1_167' title='bbox 696 1745 725 1790; x_wconf 94' lang='lat' dir='ltr'>ob</span> 
     </span>
     <span class='ocr_line' id='line_1_26' title="bbox 56 1806 725 1870; baseline 0.004 -18"><span class='ocrx_word' id='word_1_168' title='bbox 56 1806 191 1869; x_wconf 88' lang='lat' dir='ltr'>Nymphidii</span> <span class='ocrx_word' id='word_1_169' title='bbox 202 1808 317 1855; x_wconf 86' lang='lat' dir='ltr'>molimina</span> <span class='ocrx_word' id='word_1_170' title='bbox 328 1809 432 1870; x_wconf 86' lang='lat' dir='ltr'>suspecti.</span> <span class='ocrx_word' id='word_1_171' title='bbox 461 1809 626 1856; x_wconf 88' lang='lat' dir='ltr'>Germanorum</span> <span class='ocrx_word' id='word_1_172' title='bbox 635 1809 725 1864; x_wconf 89' lang='lat' dir='ltr'>cohors,</span> 
     </span>
     <span class='ocr_line' id='line_1_27' title="bbox 55 1871 725 1935; baseline 0.003 -17"><span class='ocrx_word' id='word_1_173' title='bbox 55 1887 109 1933; x_wconf 80' lang='lat' dir='ltr'>quae</span> <span class='ocrx_word' id='word_1_174' title='bbox 119 1873 197 1919; x_wconf 86' lang='lat' dir='ltr'>multis</span> <span class='ocrx_word' id='word_1_175' title='bbox 207 1872 259 1919; x_wconf 89' lang='lat' dir='ltr'>fidei</span> <span class='ocrx_word' id='word_1_176' title='bbox 270 1875 429 1934; x_wconf 88' lang='lat' dir='ltr'>experimentis</span> <span class='ocrx_word' id='word_1_177' title='bbox 441 1889 465 1920; x_wconf 85' lang='lat' dir='ltr'>se</span> <span class='ocrx_word' id='word_1_178' title='bbox 475 1874 584 1935; x_wconf 86' lang='lat' dir='ltr'>prioribus</span> <span class='ocrx_word' id='word_1_179' title='bbox 597 1871 725 1920; x_wconf 80' lang='lat' dir='ltr'>Caesaribus</span> 
     </span>
     <span class='ocr_line' id='line_1_28' title="bbox 55 1936 726 2001; baseline 0.001 -19"><span class='ocrx_word' id='word_1_180' title='bbox 55 1937 79 1982; x_wconf 93' lang='lat' dir='ltr'>in</span> <span class='ocrx_word' id='word_1_181' title='bbox 95 1939 194 1999; x_wconf 89' lang='lat' dir='ltr'>corporis</span> <span class='ocrx_word' id='word_1_182' title='bbox 209 1936 310 1985; x_wconf 75' lang='lat' dir='ltr'>custodiis</span> <span class='ocrx_word' id='word_1_183' title='bbox 325 1940 490 2001; x_wconf 85' lang='lat' dir='ltr'>approbaverat,</span> <span class='ocrx_word' id='word_1_184' title='bbox 505 1947 553 1984; x_wconf 90' lang='lat' dir='ltr'>tum</span> <span class='ocrx_word' id='word_1_185' title='bbox 568 1937 682 1992; x_wconf 87' lang='lat' dir='ltr'>dissoluta,</span> <span class='ocrx_word' id='word_1_186' title='bbox 698 1953 726 1984; x_wconf 91' lang='lat' dir='ltr'>ac</span> 
     </span>
     <span class='ocr_line' id='line_1_29' title="bbox 55 2001 724 2065; baseline 0.003 -18"><span class='ocrx_word' id='word_1_187' title='bbox 55 2003 106 2048; x_wconf 91' lang='lat' dir='ltr'>sine</span> <span class='ocrx_word' id='word_1_188' title='bbox 117 2003 163 2048; x_wconf 91' lang='lat' dir='ltr'>ullo</span> <span class='ocrx_word' id='word_1_189' title='bbox 176 2004 294 2050; x_wconf 91' lang='lat' dir='ltr'>commodo</span> <span class='ocrx_word' id='word_1_190' title='bbox 308 2005 333 2049; x_wconf 90' lang='lat' dir='ltr'>in</span> <span class='ocrx_word' id='word_1_191' title='bbox 344 2005 438 2065; x_wconf 89' lang='lat' dir='ltr'>patriam</span> <span class='ocrx_word' id='word_1_192' title='bbox 453 2005 558 2059; x_wconf 85' lang='lat' dir='ltr'>remissa;</span> <span class='ocrx_word' id='word_1_193' title='bbox 575 2003 639 2062; x_wconf 85' lang='lat' dir='ltr'>quasi</span> <span class='ocrx_word' id='word_1_194' title='bbox 650 2001 724 2058; x_wconf 80' lang='lat' dir='ltr'>Dola·</span> 
     </span>
     <span class='ocr_line' id='line_1_30' title="bbox 54 2067 596 2130; baseline 0.004 -18"><span class='ocrx_word' id='word_1_195' title='bbox 54 2067 129 2130; x_wconf 82' lang='lat' dir='ltr'>bellae,</span> <span class='ocrx_word' id='word_1_196' title='bbox 136 2069 204 2130; x_wconf 88' lang='lat' dir='ltr'>juxta</span> <span class='ocrx_word' id='word_1_197' title='bbox 214 2070 278 2130; x_wconf 86' lang='lat' dir='ltr'>cujus</span> <span class='ocrx_word' id='word_1_198' title='bbox 289 2069 366 2116; x_wconf 91' lang='lat' dir='ltr'>hortos</span> <span class='ocrx_word' id='word_1_199' title='bbox 376 2070 486 2122; x_wconf 85' lang='lat' dir='ltr'>tendebat,</span> <span class='ocrx_word' id='word_1_200' title='bbox 498 2069 596 2129; x_wconf 88' lang='lat' dir='ltr'>pronior.</span> 
     </span>
    </p>

    <p class='ocr_par' dir='ltr' id='par_1_4' title="bbox 55 2131 789 2521">
     <span class='ocr_line' id='line_1_31' title="bbox 90 2131 725 2194; baseline 0.002 -17"><span class='ocrx_word' id='word_1_201' title='bbox 90 2131 196 2194; x_wconf 89' lang='lat' dir='ltr'>[Talibus</span> <span class='ocrx_word' id='word_1_202' title='bbox 208 2149 254 2179; x_wconf 90' lang='lat' dir='ltr'>non</span> <span class='ocrx_word' id='word_1_203' title='bbox 264 2133 323 2181; x_wconf 81' lang='lat' dir='ltr'>facta</span> <span class='ocrx_word' id='word_1_204' title='bbox 333 2135 446 2188; x_wconf 85' lang='lat' dir='ltr'>securitas,</span> <span class='ocrx_word' id='word_1_205' title='bbox 462 2133 559 2180; x_wconf 86' lang='lat' dir='ltr'>conflata</span> <span class='ocrx_word' id='word_1_206' title='bbox 569 2137 657 2192; x_wconf 86' lang='lat' dir='ltr'>tantum</span> <span class='ocrx_word' id='word_1_207' title='bbox 668 2132 725 2188; x_wconf 86' lang='lat' dir='ltr'>odia,</span> 
     </span>
     <span class='ocr_line' id='line_1_32' title="bbox 55 2197 725 2260; baseline 0.004 -19"><span class='ocrx_word' id='word_1_208' title='bbox 55 2211 108 2256; x_wconf 86' lang='lat' dir='ltr'>quae</span> <span class='ocrx_word' id='word_1_209' title='bbox 122 2199 146 2243; x_wconf 90' lang='lat' dir='ltr'>ln</span> <span class='ocrx_word' id='word_1_210' title='bbox 161 2197 208 2244; x_wconf 87' lang='lat' dir='ltr'>dies</span> <span class='ocrx_word' id='word_1_211' title='bbox 223 2200 358 2252; x_wconf 85' lang='lat' dir='ltr'>crescebant,</span> <span class='ocrx_word' id='word_1_212' title='bbox 374 2200 428 2245; x_wconf 89' lang='lat' dir='ltr'>dum</span> <span class='ocrx_word' id='word_1_213' title='bbox 443 2199 500 2260; x_wconf 89' lang='lat' dir='ltr'>apud</span> <span class='ocrx_word' id='word_1_214' title='bbox 512 2212 594 2252; x_wconf 91' lang='lat' dir='ltr'>senem,</span> <span class='ocrx_word' id='word_1_215' title='bbox 610 2198 633 2243; x_wconf 92' lang='lat' dir='ltr'>in</span> <span class='ocrx_word' id='word_1_216' title='bbox 645 2212 725 2258; x_wconf 86' lang='lat' dir='ltr'>poenas</span> 
     </span>
     <span class='ocr_line' id='line_1_33' title="bbox 55 2264 724 2325; baseline 0.003 -18"><span class='ocrx_word' id='word_1_217' title='bbox 55 2270 179 2322; x_wconf 89' lang='lat' dir='ltr'>promtum,</span> <span class='ocrx_word' id='word_1_218' title='bbox 200 2264 288 2310; x_wconf 89' lang='lat' dir='ltr'>tardum</span> <span class='ocrx_word' id='word_1_219' title='bbox 309 2265 337 2310; x_wconf 91' lang='lat' dir='ltr'>ad</span> <span class='ocrx_word' id='word_1_220' title='bbox 357 2265 455 2325; x_wconf 88' lang='lat' dir='ltr'>praemia,</span> <span class='ocrx_word' id='word_1_221' title='bbox 475 2264 550 2310; x_wconf 90' lang='lat' dir='ltr'>nullus</span> <span class='ocrx_word' id='word_1_222' title='bbox 566 2270 626 2309; x_wconf 89' lang='lat' dir='ltr'>esset</span> <span class='ocrx_word' id='word_1_223' title='bbox 642 2264 724 2324; x_wconf 78' lang='lat' dir='ltr'>gratiae</span> 
     </span>
     <span class='ocr_line' id='line_1_34' title="bbox 55 2325 726 2391; baseline 0.006 -20"><span class='ocrx_word' id='word_1_224' title='bbox 55 2325 128 2380; x_wconf 93' lang='lat' dir='ltr'>locus,</span> <span class='ocrx_word' id='word_1_225' title='bbox 148 2342 297 2390; x_wconf 87' lang='lat' dir='ltr'>concessaque</span> <span class='ocrx_word' id='word_1_226' title='bbox 314 2345 328 2375; x_wconf 87' lang='lat' dir='ltr'>a</span> <span class='ocrx_word' id='word_1_227' title='bbox 343 2330 452 2390; x_wconf 88' lang='lat' dir='ltr'>prioribus</span> <span class='ocrx_word' id='word_1_228' title='bbox 468 2329 603 2391; x_wconf 90' lang='lat' dir='ltr'>principibus</span> <span class='ocrx_word' id='word_1_229' title='bbox 618 2326 726 2376; x_wconf 85' lang='lat' dir='ltr'>beneficia</span> 
     </span>
     <span class='ocr_line' id='line_1_35' title="bbox 55 2391 728 2454; baseline 0.001 -18"><span class='ocrx_word' id='word_1_230' title='bbox 55 2391 202 2453; x_wconf 84' lang='lat' dir='ltr'>eriperentur.</span> <span class='ocrx_word' id='word_1_231' title='bbox 236 2391 321 2440; x_wconf 85' lang='lat' dir='ltr'>irritati</span> <span class='ocrx_word' id='word_1_232' title='bbox 333 2395 404 2440; x_wconf 79' lang='lat' dir='ltr'>adium</span> <span class='ocrx_word' id='word_1_233' title='bbox 417 2395 491 2450; x_wconf 83' lang='lat' dir='ltr'>animi,</span> <span class='ocrx_word' id='word_1_234' title='bbox 505 2394 571 2454; x_wconf 87' lang='lat' dir='ltr'>quod,</span> <span class='ocrx_word' id='word_1_235' title='bbox 588 2408 653 2454; x_wconf 89' lang='lat' dir='ltr'>super</span> <span class='ocrx_word' id='word_1_236' title='bbox 664 2394 728 2453; x_wconf 87' lang='lat' dir='ltr'>prin·</span> 
     </span>
     <span class='ocr_line' id='line_1_36' title="bbox 56 2457 789 2521; baseline 0.005 -20"><span class='ocrx_word' id='word_1_237' title='bbox 56 2457 112 2517; x_wconf 85' lang='lat' dir='ltr'>cipis</span> <span class='ocrx_word' id='word_1_238' title='bbox 122 2457 184 2510; x_wconf 89' lang='lat' dir='ltr'>vitia,</span> <span class='ocrx_word' id='word_1_239' title='bbox 197 2460 281 2520; x_wconf 87' lang='lat' dir='ltr'>majora</span> <span class='ocrx_word' id='word_1_240' title='bbox 289 2474 319 2504; x_wconf 85' lang='lat' dir='ltr'>ex</span> <span class='ocrx_word' id='word_1_241' title='bbox 326 2459 459 2514; x_wconf 89' lang='lat' dir='ltr'>hominibus,</span> <span class='ocrx_word' id='word_1_242' title='bbox 472 2460 550 2519; x_wconf 90' lang='lat' dir='ltr'>quibus</span> <span class='ocrx_word' id='word_1_243' title='bbox 559 2475 583 2504; x_wconf 90' lang='lat' dir='ltr'>se</span> <span class='ocrx_word' id='word_1_244' title='bbox 592 2458 728 2505; x_wconf 90' lang='lat' dir='ltr'>abutendum</span> <span class='ocrx_word' id='word_1_245' title='bbox 786 2515 789 2521; x_wconf 16' lang='grc' dir='ltr'><strong><em>ἢ</em></strong></span> 
     </span>
    </p>

    <p class='ocr_par' dir='ltr' id='par_1_5' title="bbox 10 2522 831 2654">
     <span class='ocr_line' id='line_1_37' title="bbox 10 2522 729 2585; baseline 0.006 -18"><span class='ocrx_word' id='word_1_246' title='bbox 10 2527 12 2535; x_wconf 89' lang='grc'><strong>“</strong></span> <span class='ocrx_word' id='word_1_247' title='bbox 55 2523 195 2582; x_wconf 81' lang='lat' dir='ltr'>permiserat,</span> <span class='ocrx_word' id='word_1_248' title='bbox 212 2525 323 2570; x_wconf 89' lang='lat' dir='ltr'>orirentur</span> <span class='ocrx_word' id='word_1_249' title='bbox 337 2525 443 2585; x_wconf 87' lang='lat' dir='ltr'>pericula.</span> <span class='ocrx_word' id='word_1_250' title='bbox 475 2522 643 2576; x_wconf 84' lang='lat' dir='ltr'>TitusVinius,</span> <span class='ocrx_word' id='word_1_251' title='bbox 661 2539 729 2582; x_wconf 88' lang='lat' dir='ltr'>quern</span> 
     </span>
     <span class='ocr_line' id='line_1_38' title="bbox 56 2589 831 2654; baseline 0.004 -23"><span class='ocrx_word' id='word_1_252' title='bbox 56 2601 125 2646; x_wconf 90' lang='lat' dir='ltr'>supra</span> <span class='ocrx_word' id='word_1_253' title='bbox 136 2590 267 2641; x_wconf 88' lang='lat' dir='ltr'>memoravi,</span> <span class='ocrx_word' id='word_1_254' title='bbox 284 2596 309 2634; x_wconf 88' lang='lat' dir='ltr'>m</span> <span class='ocrx_word' id='word_1_255' title='bbox 323 2589 401 2638; x_wconf 88' lang='lat' dir='ltr'>favore</span> <span class='ocrx_word' id='word_1_256' title='bbox 415 2590 556 2654; x_wconf 82' lang='lat' dir='ltr'>praecipuus,</span> <span class='ocrx_word' id='word_1_257' title='bbox 568 2589 604 2635; x_wconf 77' lang='lat' dir='ltr'>sic</span> <span class='ocrx_word' id='word_1_258' title='bbox 612 2589 743 2652; x_wconf 64' lang='lat' dir='ltr'>cupibxtate</span> <span class='ocrx_word' id='word_1_259' title='bbox 824 2624 831 2641; x_wconf 77' lang='lat'>,</span> 
     </span>
    </p>
   </div>
   <div class='ocr_carea' id='block_1_3' title="bbox 48 2649 804 2775">
    <p class='ocr_par' dir='ltr' id='par_1_6' title="bbox 48 2649 804 2775">
     <span class='ocr_line' id='line_1_39' title="bbox 48 2649 804 2759; baseline -0.011 -53"><span class='ocrx_word' id='word_1_260' title='bbox 48 2649 327 2712; x_wconf 53' lang='lat' dir='ltr'>fffflmfflfflgfflasobatur.</span> <span class='ocrx_word' id='word_1_261' title='bbox 351 2654 766 2715; x_wconf 47' lang='lat' dir='ltr'>Comeliolsucorirffisassassore,</span> <span class='ocrx_word' id='word_1_262' title='bbox 793 2722 804 2759; x_wconf 58' lang='grc' dir='ltr'>Ι</span> 
     </span>
     <span class='ocr_line' id='line_1_40' title="bbox 75 2725 751 2775; baseline 0.019 -21"><span class='ocrx_word' id='word_1_263' title='bbox 75 2725 166 2761; x_wconf 73' lang='lat' dir='ltr'>t‘oml·</span> <span class='ocrx_word' id='word_1_264' title='bbox 542 2739 565 2771; x_wconf 69' lang='lat' dir='ltr'>n,</span> <span class='ocrx_word' id='word_1_265' title='bbox 740 2762 751 2775; x_wconf 68' lang='grc'>,</span> 
     </span>
    </p>
   </div>
   <div class='ocr_carea' id='block_1_4' title="bbox 0 0 846 3188">
    <p class='ocr_par' dir='ltr' id='par_1_7' title="bbox 0 0 846 3188">
     <span class='ocr_line' id='line_1_41' title="bbox 0 0 846 3188; baseline 0 0"><span class='ocrx_word' id='word_1_266' title='bbox 0 0 846 3188; x_wconf 95' lang='lat' dir='ltr'> </span> 
     </span>
    </p>
   </div>
  </div>
 </body>
</html>
