1680 3188
31 198 34 203 .
70 127 171 171 nti-53.
193 123 388 175 ANNALIUM
404 123 645 176 trutinemus.
708 130 739 173 27

71 256 135 304 bunt.
168 256 243 321 Ripae
257 263 281 305 et
291 257 367 312 eolles,
378 272 405 304 ae
416 258 528 305 montium
538 257 604 314 edita,
615 257 639 304 in
650 256 744 302 modurn

72 323 155 371 theatri
178 322 299 370 multitudo
318 323 437 370 innumera
457 322 578 385 complent
601 323 710 384 proximis
732 337 746 368 e

72 388 208 450 municipiis,
220 388 292 434 etalii
305 387 369 434 Urbe
379 402 408 435 ex
418 385 473 449 ipsi,
484 387 572 434 risendi
583 387 693 449 cupidine,
705 392 745 434 aut

73 452 148 501 officio
159 454 184 500 in
198 453 331 515 principem.
362 451 416 515 lpse
425 453 510 516 insigni
520 452 685 514 paludamento,
701 466 744 498 ne·

72 532 117 577 que
134 518 214 580 procul
234 518 361 580 Agrippina
377 517 496 578 chlamyde
508 515 592 573 aurati,
611 514 744 580 presedere.

74 580 215 646 Pugnatum,
224 598 360 645 quamquam
371 584 430 630 inter
441 589 524 645 sontes,
538 581 631 629 sortium
641 583 742 630 virorum

72 649 164 695 animo:
184 665 217 706 ac,
226 647 381 711 postmultum
395 648 520 704 vulnerum,
534 648 645 695 occidioni
659 648 743 694 exemti

74 721 135 760 tunt.

78 814 82 820 .
93 775 189 831 ,LVIL
206 779 253 826 Sed
262 777 362 842 perfeeto
373 779 508 841 spectaculo,
519 785 621 841 apertum
632 792 742 838 aquarum

73 842 123 890 iter.
156 841 248 891 Ineuris
265 844 339 906 operis
358 842 477 890 manifesta
493 842 542 898 fuit,
558 844 617 890 baud
633 844 687 890 satis
701 842 741 888 de·

73 908 145 971 pressi
156 909 186 955 ad
195 909 258 956 neus
269 909 314 956 ima
329 910 366 955 vel
382 908 462 955 medin.
493 907 583 969 quue,
595 915 696 971 tempore
706 908 742 954 in·

72 974 176 1036 tegente,
193 974 260 1022 altius
271 973 346 1021 effossi
357 989 445 1036 specus,
462 980 485 1020 et
495 973 653 1021 contrahendae
664 987 743 1020 rursus

72 1039 213 1087 multitudini
231 1039 381 1102 gladiatorum
400 1037 552 1101 spectaculum
571 1039 649 1093 editur,
665 1037 743 1084 inditis

73 1104 179 1166 pontibus
189 1104 316 1166 pedestrem
327 1104 355 1151 ad
365 1119 473 1167 pugnam.
496 1103 560 1159 Quin
567 1110 591 1151 et
602 1104 739 1159 convivium,

74 1168 164 1233 effluvio
180 1169 243 1217 lactis
257 1170 390 1232 appositum,
410 1166 495 1231 magni
510 1168 630 1217 formidine
646 1174 741 1215 cunctos

26 1264 29 1272 ·
73 1232 162 1294 affecit5
180 1234 233 1296 quia
243 1235 279 1283 ris
294 1250 401 1298 squatum
412 1249 561 1297 prorumpens
575 1234 679 1296 proxima
694 1239 740 1280 tra·

73 1299 145 1354 hebet,
157 1300 273 1348 convulsis
280 1301 428 1356 ulterioribus,
437 1307 477 1347 aut
486 1299 577 1362 fragore
585 1305 609 1345 et
616 1299 692 1345 sonitu
700 1311 742 1344 ex·

72 1365 163 1413 territis.
197 1365 270 1414 Simul
278 1365 412 1430 Agrippina,
423 1365 570 1429 trepidatione
580 1363 686 1426 principis
694 1377 742 1417 usa,
812 1406 815 1411 .

73 1430 201 1478 ministrum
219 1432 293 1494 operis
315 1431 447 1479 Narcissum
469 1431 557 1478 incusat
581 1427 692 1491 cupidinis
713 1441 740 1474 ac

72 1495 213 1556 pentum:
233 1512 275 1544 nec
286 1497 324 1543 ille
337 1497 423 1552 reticet,
438 1495 593 1559 impotentiam
610 1492 747 1542 muliebrem

76 1575 203 1671 ”titt
214 1577 390 1683 iiiiii&
391 1577 489 1674 {¹1¹an
499 1625 578 1680 cos,

72 1689 170 1737 sedecim
189 1700 261 1745 annos
283 1699 349 1739 natus
368 1691 433 1738 Nero
452 1689 578 1745 Octaviam,
612 1655 742 1771 ἓξὲξ·

74 1752 173 1803 Cernis
184 1753 261 1812 liliam,
271 1757 296 1802 in
307 1755 475 1803 matrimonium
486 1755 578 1816 accepit.
640 1754 646 1768 ⁸
677 1755 683 1769 ⁸
723 1753 730 1767 ⁸

75 1818 154 1880 thue
165 1821 245 1867 studiis
256 1822 362 1891 honestis¹
373 1827 396 1866 et
412 1819 547 1881 eloquentiae
558 1815 634 1882 giorii
643 1819 740 1866 nitesce·

73 1891 114 1940 ret,
126 1883 196 1932 causi
211 1883 330 1933 Iliensium
351 1882 461 1948 suseepti,
478 1881 692 1946 RomanumTroJi
701 1883 741 1930 de·

72 1950 174 2006 missum,
185 1956 209 1997 et
219 1949 290 1998 Juliae
306 1950 380 2012 stirpis
399 1956 513 1997 auctorem
524 1948 635 2004 AEneam‚
654 1950 741 2010 aliaque

71 2015 131 2062 baud
140 2015 221 2076 procul
230 2014 312 2063 fabulis
322 2022 399 2062 vetera
408 2014 504 2062 facunde
515 2021 642 2068 exsecutus,
660 2027 739 2076 perpe·

72 2087 122 2134 trst,
138 2086 164 2126 ut
179 2078 276 2128 Ilienses
293 2081 355 2128 omni
372 2080 461 2143 publico
478 2094 572 2127 munere
592 2079 740 2126 solverentur.

70 2143 162 2195 Eodem
170 2152 260 2193 emtore
267 2144 406 2193 Bononiensi
415 2145 517 2200 coloniae,
525 2145 573 2207 igni
583 2145 677 2199 haustae,
686 2143 739 2190 sub·

71 2219 165 2259 rentum
176 2211 263 2258 centies
278 2211 375 2260 sestertii
391 2211 519 2272 largitione.
549 2208 662 2255 Redditur
673 2207 739 2254 Rho-

71 2275 113 2322 diis
123 2275 224 2335 libertas,
232 2277 321 2324 ademta
332 2291 393 2340 saepe
402 2283 441 2322 aut
447 2275 541 2329 firmata,
549 2280 616 2335 prout
625 2273 690 2319 bellis
698 2286 739 2318 ex·

70 2341 142 2388 ternis
162 2348 298 2397 meruerant,
320 2348 360 2388 aut
378 2340 439 2388 domi
461 2339 570 2386 seditione
596 2337 742 2398 deliquerunt.

70 2404 233 2481 Tributumpne
242 2407 419 2468 Apamensibus,
429 2414 499 2456 terrae
509 2412 579 2456 motu
589 2402 758 2460 connubium

57 2481 236 2524 qumquennrum
247 2475 383 2523 remissurn.

76 2525 149 2573 ΗΧ
165 2531 203 2579 At
225 2531 344 2588 Claudius
371 2543 514 2595 sevissima
535 2560 645 2611 qumque
666 2548 790 2604 niumm

33 2583 171 2644 “iim''
188 2597 299 2660 ‘dmm
321 2606 483 2680 Agrippinae
505 2617 620 2675 artibus,
639 2623 705 2678 quse
718 2600 806 2655 buati-
