1680 3188
66 116 169 163 nom
205 116 398 169 annaurim
415 117 646 169 Lumen-Mt
691 121 735 167 12⁸

67 245 176 305 Nunnio,
195 250 292 311 maciem
314 250 419 297 amicitiae
434 250 568 296 etiamtum
585 249 690 302 retinens,
707 262 736 295 eo
763 298 766 305 ,

66 313 169 377 plumos
184 313 290 376 pericrtlis
309 313 484 361 conflictabatur.
517 313 607 362 Natalis
625 313 737 375 particeps

66 378 96 427 ad
113 392 182 427 ornae
203 385 315 425 secretum
340 378 417 425 Pisoni
437 386 492 426 crat.
525 377 621 427 Caeterls
640 393 691 440 spes
707 390 737 425 ex

67 443 136 491 novis
146 443 215 491 rebus
224 444 347 505 petebatur.
365 444 467 491 Adscitae
478 451 540 500 suut,
551 459 619 505 super
630 442 736 490 Subrium

66 516 92 557 st
104 507 237 571 Sulpicium,
249 509 277 554 de
287 509 367 569 quibus
377 509 451 562 retuli,
461 508 569 557 militares
576 522 663 561 manus,
675 507 737 554 Gra·

66 572 120 621 nius
132 572 239 620 Silvanus
250 573 366 621 etStatius
378 573 505 629 Proximus,
518 573 599 620 tribuni
611 571 737 621 cohortium

65 637 232 701 pratoriarum,
250 637 367 684 Maximus
381 638 479 685 Scaurus
496 644 521 685 et
538 637 641 683 Venetus
652 635 739 685 Paulus

66 702 221 751 ommrionea
256 702 301 749 Sed
318 718 430 749 summum
454 705 521 749 robur
541 703 564 748 in
584 700 656 748 Fenio
673 698 737 747 Rufo

66 765 178 830 indocto
197 766 320 823 videbatur,
341 783 415 828 quem,
432 767 479 814 vitri
495 765 598 828 famique
614 766 738 819 laudatum,

65 846 110 894 par
126 831 237 879 sevitiam
255 833 460 894 impudicitiamque
478 831 607 894 Tigellinus
623 832 646 877 in
662 830 738 878 aalma

67 896 177 959 principis
199 897 303 951 anteibat,
325 897 476 960 fatigabatque
493 896 691 953 criminationibus,
711 908 738 941 no

67 975 132 1023 supe
149 961 173 1008 in
191 968 278 1008 metum
296 963 424 1016 adduxerat,
437 963 498 1023 quasi
511 962 637 1009 adulterum
649 960 737 1023 Agrip·

67 1025 137 1089 pinne,
148 1034 173 1072 et
184 1026 294 1073 desiderio
305 1029 354 1091 ejus
364 1028 444 1073 ultioni
455 1027 574 1074 intentum.
608 1024 688 1088 igitur,
700 1024 738 1071 ubl

68 1091 202 1153 conjuratis,
217 1091 348 1152 praeiectum
363 1107 453 1154 qnoque
466 1092 565 1154 praetorii
576 1092 599 1137 in
611 1099 685 1154 partes
697 1089 737 1136 de·

69 1155 195 1213 mandinse,
206 1157 284 1203 crebro
291 1158 360 1220 iptlus
369 1171 473 1204 sermone
480 1156 540 1203 sacta
547 1155 617 1211 ildes3
629 1154 740 1216 promtius

64 1220 114 1284 jam
126 1221 156 1267 de
167 1228 269 1283 tempore
279 1237 306 1269 ac
316 1223 367 1268 loco
378 1222 446 1269 caedis
457 1222 578 1282 agitabant.
611 1219 645 1267 Et
653 1219 739 1281 cepisse

69 1285 181 1347 impetum
194 1285 287 1333 Subrius
300 1286 392 1333 Flavius
402 1285 522 1342 serebatur,
538 1286 561 1332 in
577 1282 645 1332 scend
656 1288 738 1330 caneu-

69 1356 118 1397 tam
136 1348 255 1397 Neronem
272 1352 435 1414 aggrediendi3
452 1358 491 1398 aut
501 1366 553 1397 cum
568 1350 661 1396 ardente
672 1348 739 1394 domo

68 1429 111 1478 per
121 1423 214 1463 noctem
226 1417 269 1462 buc
280 1417 334 1464 illuc
345 1423 445 1464 cursaret
455 1415 611 1462 incustoditus.
641 1412 689 1460 Hie
700 1427 739 1459 oo-

69 1480 133 1535 wlo
150 1480 294 1539 solitudinis;
311 1482 341 1528 ibi
359 1483 408 1543 ipsa
425 1481 558 1546 frequentia,
578 1479 635 1542 tanti
652 1477 739 1525 decoris

69 1546 142 1599 testie,
157 1545 333 1608 pulcherrimum
350 1548 449 1593 animum
466 1546 680 1601 exstimulaveraut;
696 1542 740 1589 nisi

68 1608 211 1672 impunitatis
229 1612 310 1673 cupido
321 1612 455 1667 retinuisset,
472 1611 562 1672 magnis
573 1624 660 1673 semper
670 1622 739 1655 cona-

70 1674 131 1722 aba·
142 1675 243 1722 adversa.

101 1738 146 1786 Ll.
166 1737 259 1786 Interim
267 1741 423 1788 cunctantibus
430 1741 635 1803 prolatantibusque
642 1751 738 1800 spemae

70 1811 166 1859 metum,
178 1804 296 1866 Epicharis
307 1807 417 1866 quaedam,
435 1808 544 1852 incertum
556 1819 653 1866 quonam
672 1801 740 1849 modo

70 1869 183 1916 uinclum
195 1870 280 1933 (noque
287 1871 319 1917 illi
328 1882 380 1917 anto
391 1872 437 1918 ulla
447 1886 521 1918 rerum
531 1872 674 1917 honestarum
686 1881 741 1915 eura

69 1933 157 1994 bremt)
170 1935 292 1981 accendere
299 1943 323 1982 et
333 1950 429 1997 arguere
436 1938 578 1998 conJuratos;
591 1949 617 1980 ao
627 1941 742 1995 postremo

69 1997 213 2046 lentitudinis
229 2016 306 2046 eorum
323 2009 426 2062 pertaesa,
443 2002 505 2046 etin
523 1996 648 2060 Campanid
663 2011 740 2058 agens,

68 2063 182 2127 primores
199 2064 362 2112 classiariorum
383 2064 549 2111 Misenensium
569 2061 699 2114 labefacere,
719 2066 742 2107 et

70 2126 212 2175 consuescit
229 2128 317 2190 ilbgaro
336 2130 434 2176 connixa
456 2136 491 2175 ast
513 2128 554 2175 tali
576 2126 648 2173 initio.
681 2125 741 2173 Erat

71 2193 207 2241 clillinrcbus
217 2193 240 2239 in
247 2193 273 2239 ei
284 2195 355 2241 classe
363 2194 473 2240 Volusius
482 2192 600 2246 Proculus,
613 2190 742 2237 occidendae

71 2258 153 2306 matris
164 2256 264 2305 Neronis
281 2259 340 2305 inter
355 2260 477 2313 ministros,
489 2273 535 2304 non
546 2272 576 2303 ex
587 2255 742 2318 magnitudino

71 2322 165 2371 sederis
181 2329 310 2384 provectus,
328 2331 354 2369 ut
373 2325 468 2370 rebatur.
498 2320 523 2368 Is
539 2322 626 2371 mulicrl
638 2320 691 2366 olim
703 2334 742 2364 co·

106 2388 161 2444 itus,
178 2402 218 2434 seu
237 2403 315 2434 recens
330 2386 380 2434 ortd
398 2387 502 2442 amicitiai,
519 2387 572 2433 duro
590 2385 670 2431 marita
687 2397 743 2445 erga

72 2402 194 2501 §aronam
205 2467 252 2507 sua,
264 2460 287 2498 et
298 2468 364 2517 quam
375 2453 399 2498 in
410 2454 496 2498 irritum
508 2452 647 2503 cecidissent,
664 2448 742 2511 aperit,

74 2517 197 2581 adjicitque
207 2525 308 2579 questus,
328 2525 351 2564 et
362 2517 533 2564 destinationem
544 2516 660 2572 vindictae,
672 2513 691 2560 si
708 2512 743 2559 fn·

71 2581 145 2628 multas
161 2581 264 2639 orlretur,
279 2599 344 2648 spem
364 2583 434 2642 dedit,
453 2581 630 2650 posseimpellt„
644 2578 758 2642 clabum

61 2644 201 2693 monam:
221 2663 267 2697 noo
277 2649 334 2702 leve
345 2653 463 2707 auxilium
478 2655 505 2705 in
519 2653 612 2711 elnae
629 2648 777 2698 erasmae·
