1680 3188
194 114 226 158 82
259 109 453 159 ANNALIUM
466 107 719 159 Lrs.XIV.Car.84.
747 114 833 154 ΜΒ

195 243 287 297 conscii,
303 242 397 289 consilia
409 243 533 297 turbabant,
545 256 618 301 neque
634 239 718 288 fossam
730 248 770 289 aut
780 240 827 288 vall

194 308 363 370 preduxerunt,
372 322 452 368 neque,
461 307 530 361 rnotia
540 308 631 354 senibus
640 314 663 354 et
672 306 771 363 feminis,
778 308 836 369 juve

194 381 232 420 tus
243 373 292 420 sola
301 371 397 419 restitita
416 373 480 434 quasi
497 369 571 420 medii
580 387 636 434 pace
651 373 743 428 incauti,
759 372 838 419 multit

194 437 400 486 dinebrirbarorum
416 437 631 484 circumveniuntur.
662 436 697 485 Et
713 443 797 484 cetera
813 452 830 499 q

194 503 246 551 dem
256 503 343 566 irnpetu
354 502 447 565 direpta,
459 509 498 550 aut
508 502 602 550 incensa
615 508 684 550 sunt:
704 502 822 565 templum,

195 583 241 630 quo
253 583 278 615 se
288 567 354 616 miles
364 568 547 631 conglobaverat,
566 567 633 615 biduo
645 569 762 615 obsessum
773 583 819 630 exp
838 618 840 623 ,

194 641 325 696 natumque.
358 632 392 682 Et
401 634 475 683 victor
489 633 613 681 Britannus
625 631 708 680 Petilio
720 630 812 688 Ceriali,

194 706 249 762 gato
260 699 357 762 legionis
369 714 443 755 nonae,
462 699 486 746 In
498 698 620 746 subsidium
632 698 764 745 adventanti
775 698 827 745 obvi

193 764 253 812 fudit
262 764 384 828 legionem,
397 771 427 820 et,
438 765 499 825 quod
510 764 617 826 peditum,
628 762 748 810 interfecit.
766 761 829 810 Ceri

194 843 247 878 cum
259 830 371 891 equitibus
382 830 455 877 evasit
464 830 487 875 in
497 836 576 885 eastra,
593 835 616 876 et
626 829 773 876 munimentis
783 827 836 875 defe

195 909 235 942 sus
245 901 288 942 est.
322 892 376 951 Qut
389 895 453 942 clade
467 901 490 941 et
501 895 558 942 odiis
568 893 697 957 provincie
710 909 777 954 quam
789 909 813 940 av
824 916 826 921 v
839 920 840 929 ι

192 957 261 1006 atain
276 959 360 1007 bellurn
380 968 464 1022 egerat,
484 961 585 1023 trepidus
603 965 734 1022 procurator
754 957 828 1008 Catus

193 1024 295 1072 Galliam
307 1024 402 1073 transiit.

227 1087 356 1136 XXXIII.
372 1090 408 1137 At
425 1089 547 1139 Suetonius
564 1089 622 1137 miri
638 1086 766 1137 constantii
776 1088 837 1136 medi

195 1154 255 1201 inter
273 1156 351 1202 hostes
370 1154 508 1203 Londinium
523 1157 627 1218 perrexit,
646 1161 828 1217 cognomentoq

194 1220 246 1267 de'm
255 1220 351 1267 coloniae
367 1236 414 1267 non
425 1222 521 1290 insigne,
533 1222 573 1268 sed
583 1219 649 1332 cupii
660 1220 829 1283 negotiatorum

193 1291 363 1332 commeatuum
374 1284 473 1333 maxime
484 1287 578 1333 celebre.
623 1286 645 1332 bi
656 1285 781 1348 ambiguus,
794 1300 823 1331 an

193 1349 240 1396 lam
252 1350 327 1398 sedem
338 1350 397 1398 bello
414 1351 528 1414 deligeret,
540 1349 703 1412 circumspecti
713 1349 840 1412 infrequen

193 1415 280 1471 militis,
291 1417 390 1476 satisque
400 1416 490 1478 magnis
500 1416 642 1463 documentis
654 1416 804 1462 temeritatem
816 1414 838 1462 P

193 1479 236 1526 tilii
247 1478 375 1534 eoircitam,
390 1481 456 1526 unlus
468 1481 542 1542 oppidi
555 1480 637 1527 damno
657 1494 747 1528 servare
758 1481 822 1527 univ

194 1544 282 1592 statuit.
305 1542 389 1604 Neque
399 1542 455 1590 fletu
466 1551 489 1590 et
499 1544 605 1606 lacrymis
615 1545 723 1592 auxilinm
734 1547 784 1609 ejus
795 1561 809 1592 o
827 1568 829 1584 =

194 1609 252 1656 tium
264 1607 338 1657 flexus
349 1615 390 1663 eat,
409 1609 465 1669 quin
481 1608 544 1656 daret
558 1609 703 1672 profectionis
714 1610 821 1673 signum:

195 1674 331 1721 comitantes
349 1674 374 1721 in
391 1680 479 1736 purtem
497 1676 593 1737 agminis
612 1686 735 1737 acceperat.
770 1676 837 1736 siqu

193 1738 290 1786 imbellis
301 1753 376 1794 sexus,
396 1746 435 1785 aut
445 1738 505 1786 fessa
515 1746 577 1795 aetas,
595 1741 632 1786 vel
643 1740 687 1786 loci
702 1740 798 1786 dulcedo
809 1747 840 1787 at

195 1809 283 1859 nueret,
294 1803 322 1850 ab
333 1804 399 1851 hoste
414 1802 514 1866 oppressi
525 1812 585 1852 sunt.
618 1804 704 1852 Eadem
717 1804 792 1852 clades
811 1821 835 1851 m

194 1869 279 1931 nicipio
295 1868 427 1916 Verulamio
438 1869 496 1926 fuit;
514 1869 566 1931 quia
575 1871 668 1924 barbari,
680 1870 769 1916 omissis
781 1885 819 1917 cas
835 1891 840 1911 ι

193 1933 223 1982 lis
232 1933 388 1996 praesidiisque
398 1933 535 1989 militarium,
544 1936 604 1996 quod
613 1930 749 1981 uberrimum
758 1935 830 1996 spolia

195 2005 220 2046 et
239 1997 410 2047 defendentibus
428 2000 534 2055 intutum,
556 2000 603 2050 laeti
620 1998 705 2062 praedi,
725 2008 749 2046 et
767 2001 839 2047 aliurn

195 2079 285 2126 segnes,
297 2064 409 2126 petebant.
441 2064 480 2113 Aa
497 2067 639 2128 septuagInta
658 2065 728 2127 millia
745 2065 830 2112 civium

195 2129 317 2186 sociorum,
332 2131 360 2176 iis
371 2146 423 2191 quae
433 2131 556 2178 memoravi
574 2130 637 2187 locis,
653 2130 761 2177 cecidisse
778 2146 831 2177 con

195 2195 239 2242 tit:
267 2196 418 2256 nequeenim
441 2211 528 2258 capere,
553 2202 591 2242 aut
610 2195 755 2249 venumdare,
775 2195 835 2243 aliud

195 2260 257 2322 quod
268 2261 320 2307 belli
332 2262 492 2308 commercium
499 2277 507 2319 3
526 2261 564 2307 sed
576 2261 656 2314 caedes,
673 2261 779 2323 patibula,
791 2262 840 2323 ign

194 2339 280 2379 cruces,
298 2332 412 2387 tamquam
431 2326 537 2372 reddituri
556 2326 696 2388 supplicium,
715 2341 741 2372 ac
752 2341 837 2387 praer

195 2390 287 2436 interim
299 2390 391 2446 ultione,
402 2390 545 2438 festinabant.

229 2454 355 2502 XXXIV.
369 2456 423 2505 Jam
441 2455 549 2503 Suetonio
561 2455 727 2516 quartadecima
737 2456 824 2518 legino

195 2521 318 2568 vexillariis
328 2521 478 2575 vicesimanis,
495 2527 518 2567 et
529 2536 542 2567 e
552 2521 661 2583 proximis
680 2521 806 2575 auxiliares,
831 2543 835 2561 ι

186 2597 240 2630 cern
249 2584 326 2634 terme
342 2587 415 2636 mlllia
432 2593 573 2635 armatorum
592 2593 674 2643 erant3
689 2601 743 2632 cum
760 2587 808 2632 omi
831 2608 835 2613 ·

175 2651 358 2703 concutimus
375 2662 403 2705 et
413 2655 530 2722 congredi
550 2653 691 2718 acieparatt
710 2650 837 2710 deligitque
