<?xml version="1.0" encoding="UTF-8"?>
<!DOCTYPE html PUBLIC "-//W3C//DTD XHTML 1.0 Transitional//EN"
    "http://www.w3.org/TR/xhtml1/DTD/xhtml1-transitional.dtd">
<html xmlns="http://www.w3.org/1999/xhtml" xml:lang="en" lang="en">
 <head>
  <title>
</title>
<meta http-equiv="Content-Type" content="text/html;charset=utf-8" />
  <meta name='ocr-system' content='tesseract 3.04.00' />
  <meta name='ocr-capabilities' content='ocr_page ocr_carea ocr_par ocr_line ocrx_word'/>
</head>
<body>
  <div class='ocr_page' id='page_1' title='image "./ccorneliitaciti01obergoog_0258.png"; bbox 0 0 1664 2910; ppageno 0'>
   <div class='ocr_carea' id='block_1_1' title="bbox 187 124 733 178">
    <p class='ocr_par' dir='ltr' id='par_1_1' title="bbox 187 124 733 178">
     <span class='ocr_line' id='line_1_1' title="bbox 187 124 733 178; baseline -0.004 -2"><span class='ocrx_word' id='word_1_1' title='bbox 187 127 237 178; x_wconf 81' lang='lat' dir='ltr'>DE</span> <span class='ocrx_word' id='word_1_2' title='bbox 254 124 485 176; x_wconf 81' lang='lat' dir='ltr'><strong>ORATORIBUS.</strong></span> <span class='ocrx_word' id='word_1_3' title='bbox 502 124 562 177; x_wconf 77' lang='lat' dir='ltr'>Cas.</span> <span class='ocrx_word' id='word_1_4' title='bbox 576 128 615 174; x_wconf 81' lang='lat'>19.</span> <span class='ocrx_word' id='word_1_5' title='bbox 684 127 733 174; x_wconf 73' lang='lat'>255</span> 
     </span>
    </p>
   </div>
   <div class='ocr_carea' id='block_1_2' title="bbox 61 256 808 2741">
    <p class='ocr_par' dir='ltr' id='par_1_2' title="bbox 66 256 733 372">
     <span class='ocr_line' id='line_1_2' title="bbox 66 256 733 322; baseline -0.007 -15"><span class='ocrx_word' id='word_1_6' title='bbox 66 274 131 308; x_wconf 80' lang='lat' dir='ltr'>aures</span> <span class='ocrx_word' id='word_1_7' title='bbox 142 272 272 322; x_wconf 74' lang='lat' dir='ltr'>agnoscere,</span> <span class='ocrx_word' id='word_1_8' title='bbox 284 275 311 307; x_wconf 83' lang='lat' dir='ltr'>cc</span> <span class='ocrx_word' id='word_1_9' title='bbox 321 259 384 307; x_wconf 90' lang='lat' dir='ltr'>velut</span> <span class='ocrx_word' id='word_1_10' title='bbox 395 260 533 322; x_wconf 84' lang='lat' dir='ltr'>conjungere</span> <span class='ocrx_word' id='word_1_11' title='bbox 543 265 567 305; x_wconf 90' lang='lat' dir='ltr'>et</span> <span class='ocrx_word' id='word_1_12' title='bbox 577 256 683 321; x_wconf 88' lang='lat' dir='ltr'>copulare</span> <span class='ocrx_word' id='word_1_13' title='bbox 689 272 733 319; x_wconf 89' lang='lat' dir='ltr'>po-</span> 
     </span>
     <span class='ocr_line' id='line_1_3' title="bbox 67 332 168 372; baseline -0.02 0"><span class='ocrx_word' id='word_1_14' title='bbox 67 332 168 372; x_wconf 88' lang='lat' dir='ltr'>tuerunt.</span> 
     </span>
    </p>

    <p class='ocr_par' dir='ltr' id='par_1_3' title="bbox 61 387 763 2605">
     <span class='ocr_line' id='line_1_4' title="bbox 82 387 731 452; baseline 0 -17"><span class='ocrx_word' id='word_1_15' title='bbox 82 387 269 437; x_wconf 67' lang='lat' dir='ltr'>xvnlfflaee</span> <span class='ocrx_word' id='word_1_16' title='bbox 275 390 326 436; x_wconf 92' lang='lat' dir='ltr'>ideo</span> <span class='ocrx_word' id='word_1_17' title='bbox 332 389 433 452; x_wconf 78' lang='lat' dir='ltr'>praedixi,</span> <span class='ocrx_word' id='word_1_18' title='bbox 440 395 471 445; x_wconf 87' lang='lat' dir='ltr'>ut,</span> <span class='ocrx_word' id='word_1_19' title='bbox 480 389 499 435; x_wconf 92' lang='lat' dir='ltr'>si</span> <span class='ocrx_word' id='word_1_20' title='bbox 506 403 550 449; x_wconf 77' lang='lat' dir='ltr'>que</span> <span class='ocrx_word' id='word_1_21' title='bbox 556 403 586 436; x_wconf 90' lang='lat' dir='ltr'>ex</span> <span class='ocrx_word' id='word_1_22' title='bbox 592 390 672 435; x_wconf 90' lang='lat' dir='ltr'>horum</span> <span class='ocrx_word' id='word_1_23' title='bbox 679 402 731 435; x_wconf 77' lang='lat' dir='ltr'>ors·</span> 
     </span>
     <span class='ocr_line' id='line_1_5' title="bbox 65 452 734 518; baseline -0.004 -15"><span class='ocrx_word' id='word_1_24' title='bbox 65 452 386 518; x_wconf 76' lang='lat' dir='ltr'>torumfamdgloridquslsus</span> <span class='ocrx_word' id='word_1_25' title='bbox 392 454 528 516; x_wconf 72' lang='lat' dir='ltr'>temporibus</span> <span class='ocrx_word' id='word_1_26' title='bbox 534 454 734 514; x_wconf 61' lang='lat' dir='ltr'>aequissumum-</span> 
     </span>
     <span class='ocr_line' id='line_1_6' title="bbox 65 519 734 581; baseline -0.001 -13"><span class='ocrx_word' id='word_1_27' title='bbox 65 521 117 568; x_wconf 84' lang='lat' dir='ltr'>dsm</span> <span class='ocrx_word' id='word_1_28' title='bbox 124 520 228 568; x_wconf 81' lang='lat' dir='ltr'>docerem</span> <span class='ocrx_word' id='word_1_29' title='bbox 235 523 258 567; x_wconf 91' lang='lat' dir='ltr'>in</span> <span class='ocrx_word' id='word_1_30' title='bbox 265 520 339 567; x_wconf 86' lang='lat' dir='ltr'>medio</span> <span class='ocrx_word' id='word_1_31' title='bbox 346 520 418 574; x_wconf 76' lang='lat' dir='ltr'>eitun,</span> <span class='ocrx_word' id='word_1_32' title='bbox 424 527 447 566; x_wconf 88' lang='lat' dir='ltr'>et</span> <span class='ocrx_word' id='word_1_33' title='bbox 452 519 579 581; x_wconf 88' lang='lat' dir='ltr'>propiorem</span> <span class='ocrx_word' id='word_1_34' title='bbox 588 520 658 573; x_wconf 84' lang='lat' dir='ltr'>nobis,</span> <span class='ocrx_word' id='word_1_35' title='bbox 664 532 734 580; x_wconf 83' lang='lat' dir='ltr'>quum</span> 
     </span>
     <span class='ocr_line' id='line_1_7' title="bbox 67 583 732 646; baseline -0.005 -12"><span class='ocrx_word' id='word_1_36' title='bbox 67 586 118 634; x_wconf 83' lang='lat' dir='ltr'>Ser.</span> <span class='ocrx_word' id='word_1_37' title='bbox 128 586 216 641; x_wconf 68' lang='lat' dir='ltr'>Galbae,</span> <span class='ocrx_word' id='word_1_38' title='bbox 234 584 263 634; x_wconf 82' lang='lat' dir='ltr'>C.</span> <span class='ocrx_word' id='word_1_39' title='bbox 275 583 381 640; x_wconf 77' lang='lat' dir='ltr'>Carboni,</span> <span class='ocrx_word' id='word_1_40' title='bbox 392 600 492 646; x_wconf 88' lang='lat' dir='ltr'>quosque</span> <span class='ocrx_word' id='word_1_41' title='bbox 503 584 560 631; x_wconf 86' lang='lat' dir='ltr'>alios</span> <span class='ocrx_word' id='word_1_42' title='bbox 569 585 674 646; x_wconf 80' lang='lat' dir='ltr'>antiquos</span> <span class='ocrx_word' id='word_1_43' title='bbox 681 598 732 631; x_wconf 83' lang='lat' dir='ltr'>me·</span> 
     </span>
     <span class='ocr_line' id='line_1_8' title="bbox 65 649 734 712; baseline 0.001 -15"><span class='ocrx_word' id='word_1_44' title='bbox 65 651 110 698; x_wconf 82' lang='lat' dir='ltr'>rito</span> <span class='ocrx_word' id='word_1_45' title='bbox 123 651 294 700; x_wconf 81' lang='lat' dir='ltr'>vocaverimus:</span> <span class='ocrx_word' id='word_1_46' title='bbox 314 656 368 698; x_wconf 89' lang='lat' dir='ltr'>sunt</span> <span class='ocrx_word' id='word_1_47' title='bbox 380 651 441 697; x_wconf 86' lang='lat' dir='ltr'>enirn</span> <span class='ocrx_word' id='word_1_48' title='bbox 460 649 543 696; x_wconf 84' lang='lat' dir='ltr'>horridi</span> <span class='ocrx_word' id='word_1_49' title='bbox 560 656 584 695; x_wconf 87' lang='lat' dir='ltr'>et</span> <span class='ocrx_word' id='word_1_50' title='bbox 597 650 693 712; x_wconf 88' lang='lat' dir='ltr'>impoliti</span> <span class='ocrx_word' id='word_1_51' title='bbox 709 656 734 698; x_wconf 84' lang='lat' dir='ltr'>at</span> 
     </span>
     <span class='ocr_line' id='line_1_9' title="bbox 65 711 734 777; baseline -0.003 -12"><span class='ocrx_word' id='word_1_52' title='bbox 65 718 133 765; x_wconf 88' lang='lat' dir='ltr'>rudes</span> <span class='ocrx_word' id='word_1_53' title='bbox 150 724 174 764; x_wconf 93' lang='lat' dir='ltr'>et</span> <span class='ocrx_word' id='word_1_54' title='bbox 192 715 309 774; x_wconf 86' lang='lat' dir='ltr'>informes,</span> <span class='ocrx_word' id='word_1_55' title='bbox 326 722 349 762; x_wconf 90' lang='lat' dir='ltr'>et</span> <span class='ocrx_word' id='word_1_56' title='bbox 367 731 424 777; x_wconf 88' lang='lat' dir='ltr'>quos</span> <span class='ocrx_word' id='word_1_57' title='bbox 446 715 532 762; x_wconf 86' lang='lat' dir='ltr'>utinam</span> <span class='ocrx_word' id='word_1_58' title='bbox 550 714 651 762; x_wconf 68' lang='lat' dir='ltr'>imitatus</span> <span class='ocrx_word' id='word_1_59' title='bbox 669 711 734 763; x_wconf 56' lang='lat' dir='ltr'>nulli</span> 
     </span>
     <span class='ocr_line' id='line_1_10' title="bbox 64 777 733 845; baseline 0 -16"><span class='ocrx_word' id='word_1_60' title='bbox 64 789 128 845; x_wconf 83' lang='lat' dir='ltr'>parte</span> <span class='ocrx_word' id='word_1_61' title='bbox 145 788 206 829; x_wconf 86' lang='lat' dir='ltr'>esset</span> <span class='ocrx_word' id='word_1_62' title='bbox 224 779 311 831; x_wconf 77' lang='lat' dir='ltr'>calvus</span> <span class='ocrx_word' id='word_1_63' title='bbox 319 788 401 836; x_wconf 79' lang='lat' dir='ltr'>vester,</span> <span class='ocrx_word' id='word_1_64' title='bbox 419 787 458 827; x_wconf 88' lang='lat' dir='ltr'>aut</span> <span class='ocrx_word' id='word_1_65' title='bbox 469 778 565 835; x_wconf 74' lang='lat' dir='ltr'>Coelius,</span> <span class='ocrx_word' id='word_1_66' title='bbox 581 787 620 827; x_wconf 84' lang='lat' dir='ltr'>aut</span> <span class='ocrx_word' id='word_1_67' title='bbox 629 781 678 842; x_wconf 90' lang='lat' dir='ltr'>ipse</span> <span class='ocrx_word' id='word_1_68' title='bbox 690 777 733 829; x_wconf 81' lang='lat' dir='ltr'>Oi·</span> 
     </span>
     <span class='ocr_line' id='line_1_11' title="bbox 64 844 736 909; baseline -0.007 -13"><span class='ocrx_word' id='word_1_69' title='bbox 64 862 125 896; x_wconf 79' lang='lat' dir='ltr'>cero·</span> <span class='ocrx_word' id='word_1_70' title='bbox 156 848 236 909; x_wconf 83' lang='lat' dir='ltr'>Agere</span> <span class='ocrx_word' id='word_1_71' title='bbox 252 846 313 893; x_wconf 88' lang='lat' dir='ltr'>enim</span> <span class='ocrx_word' id='word_1_72' title='bbox 325 845 406 892; x_wconf 82' lang='lat' dir='ltr'>fortius</span> <span class='ocrx_word' id='word_1_73' title='bbox 412 846 462 908; x_wconf 84' lang='lat' dir='ltr'>jam</span> <span class='ocrx_word' id='word_1_74' title='bbox 473 852 497 893; x_wconf 91' lang='lat' dir='ltr'>et</span> <span class='ocrx_word' id='word_1_75' title='bbox 507 845 625 892; x_wconf 76' lang='lat' dir='ltr'>audentius</span> <span class='ocrx_word' id='word_1_76' title='bbox 635 844 736 900; x_wconf 63' lang='lat' dir='ltr'>voloni</span> 
     </span>
     <span class='ocr_line' id='line_1_12' title="bbox 63 910 737 974; baseline -0.003 -13"><span class='ocrx_word' id='word_1_77' title='bbox 63 912 119 961; x_wconf 88' lang='lat' dir='ltr'>illud</span> <span class='ocrx_word' id='word_1_78' title='bbox 130 920 182 960; x_wconf 81' lang='lat' dir='ltr'>ante</span> <span class='ocrx_word' id='word_1_79' title='bbox 196 911 329 974; x_wconf 75' lang='lat' dir='ltr'>praedixero,</span> <span class='ocrx_word' id='word_1_80' title='bbox 346 911 490 958; x_wconf 76' lang='lat' dir='ltr'>mutaticum</span> <span class='ocrx_word' id='word_1_81' title='bbox 501 911 638 972; x_wconf 77' lang='lat' dir='ltr'>temporibus</span> <span class='ocrx_word' id='word_1_82' title='bbox 647 910 737 959; x_wconf 78' lang='lat' dir='ltr'>formae</span> 
     </span>
     <span class='ocr_line' id='line_1_13' title="bbox 64 973 737 1042; baseline -0.009 -16"><span class='ocrx_word' id='word_1_83' title='bbox 64 992 154 1042; x_wconf 85' lang='lat' dir='ltr'>quoque</span> <span class='ocrx_word' id='word_1_84' title='bbox 164 985 188 1024; x_wconf 93' lang='lat' dir='ltr'>et</span> <span class='ocrx_word' id='word_1_85' title='bbox 198 991 283 1039; x_wconf 77' lang='lat' dir='ltr'>genera</span> <span class='ocrx_word' id='word_1_86' title='bbox 293 976 388 1024; x_wconf 82' lang='lat' dir='ltr'>dicendi.</span> <span class='ocrx_word' id='word_1_87' title='bbox 423 976 467 1031; x_wconf 76' lang='lat' dir='ltr'>sie,</span> <span class='ocrx_word' id='word_1_88' title='bbox 477 973 560 1024; x_wconf 79' lang='lat' dir='ltr'>Catum</span> <span class='ocrx_word' id='word_1_89' title='bbox 575 975 623 1022; x_wconf 90' lang='lat' dir='ltr'>seni</span> <span class='ocrx_word' id='word_1_90' title='bbox 639 990 737 1038; x_wconf 77' lang='lat' dir='ltr'>comps·</span> 
     </span>
     <span class='ocr_line' id='line_1_14' title="bbox 65 1040 735 1102; baseline -0.007 -10"><span class='ocrx_word' id='word_1_91' title='bbox 65 1051 134 1098; x_wconf 88' lang='lat' dir='ltr'>ratus,</span> <span class='ocrx_word' id='word_1_92' title='bbox 151 1041 180 1092; x_wconf 84' lang='lat' dir='ltr'>C.</span> <span class='ocrx_word' id='word_1_93' title='bbox 192 1042 311 1090; x_wconf 73' lang='lat' dir='ltr'>Gracchus</span> <span class='ocrx_word' id='word_1_94' title='bbox 321 1041 408 1102; x_wconf 86' lang='lat' dir='ltr'>plenior</span> <span class='ocrx_word' id='word_1_95' title='bbox 422 1047 446 1086; x_wconf 90' lang='lat' dir='ltr'>et</span> <span class='ocrx_word' id='word_1_96' title='bbox 460 1040 562 1096; x_wconf 85' lang='lat' dir='ltr'>uberior;</span> <span class='ocrx_word' id='word_1_97' title='bbox 580 1041 612 1086; x_wconf 88' lang='lat' dir='ltr'>sic</span> <span class='ocrx_word' id='word_1_98' title='bbox 625 1041 735 1088; x_wconf 77' lang='lat' dir='ltr'>Graccho</span> 
     </span>
     <span class='ocr_line' id='line_1_15' title="bbox 64 1103 733 1173; baseline 0 -18"><span class='ocrx_word' id='word_1_99' title='bbox 64 1109 155 1173; x_wconf 88' lang='lat' dir='ltr'>politior</span> <span class='ocrx_word' id='word_1_100' title='bbox 169 1115 193 1154; x_wconf 89' lang='lat' dir='ltr'>et</span> <span class='ocrx_word' id='word_1_101' title='bbox 208 1106 307 1154; x_wconf 84' lang='lat' dir='ltr'>ornatior</span> <span class='ocrx_word' id='word_1_102' title='bbox 318 1103 430 1161; x_wconf 82' lang='lat' dir='ltr'>Crassus3</span> <span class='ocrx_word' id='word_1_103' title='bbox 447 1108 479 1151; x_wconf 84' lang='lat' dir='ltr'>sle</span> <span class='ocrx_word' id='word_1_104' title='bbox 495 1111 591 1166; x_wconf 89' lang='lat' dir='ltr'>utroque</span> <span class='ocrx_word' id='word_1_105' title='bbox 606 1105 733 1155; x_wconf 77' lang='lat' dir='ltr'>distinctior</span> 
     </span>
     <span class='ocr_line' id='line_1_16' title="bbox 64 1166 735 1227; baseline -0.004 -5"><span class='ocrx_word' id='word_1_106' title='bbox 64 1184 89 1222; x_wconf 87' lang='lat' dir='ltr'>et</span> <span class='ocrx_word' id='word_1_107' title='bbox 99 1173 204 1221; x_wconf 77' lang='lat' dir='ltr'>urbanior</span> <span class='ocrx_word' id='word_1_108' title='bbox 214 1178 238 1218; x_wconf 89' lang='lat' dir='ltr'>et</span> <span class='ocrx_word' id='word_1_109' title='bbox 245 1171 311 1218; x_wconf 81' lang='lat' dir='ltr'>altior</span> <span class='ocrx_word' id='word_1_110' title='bbox 322 1168 419 1227; x_wconf 85' lang='lat' dir='ltr'>Cicero;</span> <span class='ocrx_word' id='word_1_111' title='bbox 437 1166 549 1217; x_wconf 74' lang='lat' dir='ltr'>Cicerone</span> <span class='ocrx_word' id='word_1_112' title='bbox 559 1169 635 1216; x_wconf 86' lang='lat' dir='ltr'>mitior</span> <span class='ocrx_word' id='word_1_113' title='bbox 647 1168 735 1219; x_wconf 79' lang='lat' dir='ltr'>Corvi·</span> 
     </span>
     <span class='ocr_line' id='line_1_17' title="bbox 64 1234 734 1297; baseline -0.003 -11"><span class='ocrx_word' id='word_1_114' title='bbox 64 1254 114 1294; x_wconf 87' lang='lat' dir='ltr'>nus,</span> <span class='ocrx_word' id='word_1_115' title='bbox 132 1245 156 1285; x_wconf 94' lang='lat' dir='ltr'>et</span> <span class='ocrx_word' id='word_1_116' title='bbox 166 1237 258 1291; x_wconf 87' lang='lat' dir='ltr'>dulcior,</span> <span class='ocrx_word' id='word_1_117' title='bbox 275 1243 299 1282; x_wconf 91' lang='lat' dir='ltr'>et</span> <span class='ocrx_word' id='word_1_118' title='bbox 309 1235 333 1281; x_wconf 89' lang='lat' dir='ltr'>in</span> <span class='ocrx_word' id='word_1_119' title='bbox 344 1235 418 1282; x_wconf 84' lang='lat' dir='ltr'>verbis</span> <span class='ocrx_word' id='word_1_120' title='bbox 429 1235 503 1297; x_wconf 81' lang='lat' dir='ltr'>magis</span> <span class='ocrx_word' id='word_1_121' title='bbox 516 1234 648 1282; x_wconf 84' lang='lat' dir='ltr'>elaboratus.</span> <span class='ocrx_word' id='word_1_122' title='bbox 679 1234 734 1284; x_wconf 85' lang='lat' dir='ltr'>Neo</span> 
     </span>
     <span class='ocr_line' id='line_1_18' title="bbox 65 1299 734 1366; baseline -0.006 -14"><span class='ocrx_word' id='word_1_123' title='bbox 65 1319 150 1366; x_wconf 80' lang='lat' dir='ltr'>quaero,</span> <span class='ocrx_word' id='word_1_124' title='bbox 162 1302 213 1363; x_wconf 88' lang='lat' dir='ltr'>quis</span> <span class='ocrx_word' id='word_1_125' title='bbox 222 1301 395 1348; x_wconf 80' lang='lat' dir='ltr'>disertissimus:</span> <span class='ocrx_word' id='word_1_126' title='bbox 409 1300 453 1346; x_wconf 90' lang='lat' dir='ltr'>hoc</span> <span class='ocrx_word' id='word_1_127' title='bbox 463 1300 553 1347; x_wconf 84' lang='lat' dir='ltr'>interim</span> <span class='ocrx_word' id='word_1_128' title='bbox 561 1299 668 1361; x_wconf 80' lang='lat' dir='ltr'>probisse</span> <span class='ocrx_word' id='word_1_129' title='bbox 675 1316 734 1348; x_wconf 82' lang='lat' dir='ltr'>con-</span> 
     </span>
     <span class='ocr_line' id='line_1_19' title="bbox 64 1364 736 1426; baseline -0.012 -9"><span class='ocrx_word' id='word_1_130' title='bbox 64 1377 141 1417; x_wconf 84' lang='lat' dir='ltr'>tentus</span> <span class='ocrx_word' id='word_1_131' title='bbox 158 1382 216 1421; x_wconf 76' lang='lat' dir='ltr'>sum</span> <span class='ocrx_word' id='word_1_132' title='bbox 233 1380 280 1413; x_wconf 91' lang='lat' dir='ltr'>non</span> <span class='ocrx_word' id='word_1_133' title='bbox 291 1381 341 1412; x_wconf 87' lang='lat' dir='ltr'>esse</span> <span class='ocrx_word' id='word_1_134' title='bbox 351 1380 422 1412; x_wconf 90' lang='lat' dir='ltr'>unum</span> <span class='ocrx_word' id='word_1_135' title='bbox 432 1364 567 1426; x_wconf 71' lang='lat' dir='ltr'>eloquentie</span> <span class='ocrx_word' id='word_1_136' title='bbox 579 1364 674 1421; x_wconf 76' lang='lat' dir='ltr'>cultrum</span> <span class='ocrx_word' id='word_1_137' title='bbox 691 1366 736 1415; x_wconf 70' lang='lat' dir='ltr'>sed</span> 
     </span>
     <span class='ocr_line' id='line_1_20' title="bbox 64 1429 735 1494; baseline -0.004 -12"><span class='ocrx_word' id='word_1_138' title='bbox 64 1436 88 1482; x_wconf 89' lang='lat' dir='ltr'>in</span> <span class='ocrx_word' id='word_1_139' title='bbox 100 1434 145 1480; x_wconf 89' lang='lat' dir='ltr'>illis</span> <span class='ocrx_word' id='word_1_140' title='bbox 155 1446 250 1494; x_wconf 84' lang='lat' dir='ltr'>quoque,</span> <span class='ocrx_word' id='word_1_141' title='bbox 266 1446 324 1492; x_wconf 87' lang='lat' dir='ltr'>quos</span> <span class='ocrx_word' id='word_1_142' title='bbox 334 1431 421 1478; x_wconf 82' lang='lat' dir='ltr'>vocatis</span> <span class='ocrx_word' id='word_1_143' title='bbox 431 1431 541 1491; x_wconf 82' lang='lat' dir='ltr'>antiquos,</span> <span class='ocrx_word' id='word_1_144' title='bbox 557 1429 633 1492; x_wconf 90' lang='lat' dir='ltr'>plures</span> <span class='ocrx_word' id='word_1_145' title='bbox 646 1432 735 1492; x_wconf 81' lang='lat' dir='ltr'>speeies</span> 
     </span>
     <span class='ocr_line' id='line_1_21' title="bbox 65 1493 734 1562; baseline -0.006 -15"><span class='ocrx_word' id='word_1_146' title='bbox 65 1497 215 1562; x_wconf 85' lang='lat' dir='ltr'>deprehendi:</span> <span class='ocrx_word' id='word_1_147' title='bbox 229 1512 272 1543; x_wconf 89' lang='lat' dir='ltr'>nec</span> <span class='ocrx_word' id='word_1_148' title='bbox 283 1496 358 1543; x_wconf 81' lang='lat' dir='ltr'>statim</span> <span class='ocrx_word' id='word_1_149' title='bbox 369 1493 468 1542; x_wconf 72' lang='lat' dir='ltr'>(letemus</span> <span class='ocrx_word' id='word_1_150' title='bbox 477 1509 534 1550; x_wconf 86' lang='lat' dir='ltr'>esse,</span> <span class='ocrx_word' id='word_1_151' title='bbox 545 1494 606 1556; x_wconf 91' lang='lat' dir='ltr'>quod</span> <span class='ocrx_word' id='word_1_152' title='bbox 617 1495 734 1543; x_wconf 81' lang='lat' dir='ltr'>diversum</span> 
     </span>
     <span class='ocr_line' id='line_1_22' title="bbox 63 1560 734 1624; baseline -0.007 -11"><span class='ocrx_word' id='word_1_153' title='bbox 63 1573 114 1622; x_wconf 85' lang='lat' dir='ltr'>est;</span> <span class='ocrx_word' id='word_1_154' title='bbox 131 1563 187 1611; x_wconf 81' lang='lat' dir='ltr'>vitio</span> <span class='ocrx_word' id='word_1_155' title='bbox 198 1569 274 1608; x_wconf 89' lang='lat' dir='ltr'>autem</span> <span class='ocrx_word' id='word_1_156' title='bbox 284 1560 430 1623; x_wconf 76' lang='lat' dir='ltr'>malignitatis</span> <span class='ocrx_word' id='word_1_157' title='bbox 440 1560 545 1606; x_wconf 81' lang='lat' dir='ltr'>bumanae</span> <span class='ocrx_word' id='word_1_158' title='bbox 554 1565 633 1607; x_wconf 82' lang='lat' dir='ltr'>veteru</span> <span class='ocrx_word' id='word_1_159' title='bbox 643 1574 734 1624; x_wconf 84' lang='lat' dir='ltr'>seraper</span> 
     </span>
     <span class='ocr_line' id='line_1_23' title="bbox 64 1623 763 1690; baseline -0.009 -12"><span class='ocrx_word' id='word_1_160' title='bbox 64 1632 88 1678; x_wconf 87' lang='lat' dir='ltr'>in</span> <span class='ocrx_word' id='word_1_161' title='bbox 99 1627 333 1690; x_wconf 68' lang='lat' dir='ltr'>luudopraesentiain</span> <span class='ocrx_word' id='word_1_162' title='bbox 344 1625 498 1672; x_wconf 69' lang='lat' dir='ltr'>subdocere.</span> <span class='ocrx_word' id='word_1_163' title='bbox 521 1623 733 1683; x_wconf 70' lang='lat' dir='ltr'>Numrdubitumue,</span> <span class='ocrx_word' id='word_1_164' title='bbox 761 1659 763 1662; x_wconf 25' lang='grc' dir='ltr'><strong><em>ι</em></strong></span> 
     </span>
     <span class='ocr_line' id='line_1_24' title="bbox 63 1687 735 1755; baseline -0.01 -11"><span class='ocrx_word' id='word_1_165' title='bbox 63 1697 176 1749; x_wconf 86' lang='lat' dir='ltr'>inventos,</span> <span class='ocrx_word' id='word_1_166' title='bbox 193 1693 231 1754; x_wconf 87' lang='lat' dir='ltr'>qui</span> <span class='ocrx_word' id='word_1_167' title='bbox 249 1708 298 1754; x_wconf 86' lang='lat' dir='ltr'>prae</span> <span class='ocrx_word' id='word_1_168' title='bbox 317 1689 406 1741; x_wconf 81' lang='lat' dir='ltr'>Cttoue</span> <span class='ocrx_word' id='word_1_169' title='bbox 424 1690 526 1753; x_wconf 82' lang='lat' dir='ltr'>Appium</span> <span class='ocrx_word' id='word_1_170' title='bbox 546 1687 640 1737; x_wconf 73' lang='lat' dir='ltr'>Curcum</span> <span class='ocrx_word' id='word_1_171' title='bbox 657 1692 735 1755; x_wconf 73' lang='lat' dir='ltr'>magis</span> 
     </span>
     <span class='ocr_line' id='line_1_25' title="bbox 65 1753 732 1816; baseline -0.006 -8"><span class='ocrx_word' id='word_1_172' title='bbox 65 1755 217 1808; x_wconf 84' lang='lat' dir='ltr'>mirarentur?</span> <span class='ocrx_word' id='word_1_173' title='bbox 246 1758 307 1805; x_wconf 84' lang='lat' dir='ltr'>Satis</span> <span class='ocrx_word' id='word_1_174' title='bbox 320 1762 415 1811; x_wconf 62' lang='lat' dir='ltr'>condet,</span> <span class='ocrx_word' id='word_1_175' title='bbox 433 1770 462 1802; x_wconf 88' lang='lat' dir='ltr'>ne</span> <span class='ocrx_word' id='word_1_176' title='bbox 473 1753 579 1803; x_wconf 84' lang='lat' dir='ltr'>Ciceroni</span> <span class='ocrx_word' id='word_1_177' title='bbox 590 1756 679 1816; x_wconf 83' lang='lat' dir='ltr'>quidem</span> <span class='ocrx_word' id='word_1_178' title='bbox 690 1758 732 1804; x_wconf 92' lang='lat' dir='ltr'>oh·</span> 
     </span>
     <span class='ocr_line' id='line_1_26' title="bbox 65 1819 734 1883; baseline -0.006 -11"><span class='ocrx_word' id='word_1_179' title='bbox 65 1831 198 1872; x_wconf 80' lang='lat' dir='ltr'>trectntores</span> <span class='ocrx_word' id='word_1_180' title='bbox 212 1823 316 1878; x_wconf 81' lang='lat' dir='ltr'>defuisse,</span> <span class='ocrx_word' id='word_1_181' title='bbox 332 1822 411 1883; x_wconf 89' lang='lat' dir='ltr'>quibus</span> <span class='ocrx_word' id='word_1_182' title='bbox 428 1819 520 1868; x_wconf 80' lang='lat' dir='ltr'>inflatus</span> <span class='ocrx_word' id='word_1_183' title='bbox 536 1826 560 1867; x_wconf 86' lang='lat' dir='ltr'>et</span> <span class='ocrx_word' id='word_1_184' title='bbox 575 1827 671 1876; x_wconf 86' lang='lat' dir='ltr'>tumens,</span> <span class='ocrx_word' id='word_1_185' title='bbox 688 1822 734 1871; x_wconf 75' lang='lat' dir='ltr'>neb</span> 
     </span>
     <span class='ocr_line' id='line_1_27' title="bbox 65 1885 733 1952; baseline -0.009 -14"><span class='ocrx_word' id='word_1_186' title='bbox 65 1892 119 1938; x_wconf 78' lang='lat' dir='ltr'>setis</span> <span class='ocrx_word' id='word_1_187' title='bbox 130 1903 227 1952; x_wconf 85' lang='lat' dir='ltr'>pressus,</span> <span class='ocrx_word' id='word_1_188' title='bbox 244 1888 284 1935; x_wconf 87' lang='lat' dir='ltr'>sed</span> <span class='ocrx_word' id='word_1_189' title='bbox 301 1903 368 1951; x_wconf 81' lang='lat' dir='ltr'>supra</span> <span class='ocrx_word' id='word_1_190' title='bbox 383 1886 477 1935; x_wconf 88' lang='lat' dir='ltr'>modum</span> <span class='ocrx_word' id='word_1_191' title='bbox 491 1885 607 1933; x_wconf 84' lang='lat' dir='ltr'>exsultans</span> <span class='ocrx_word' id='word_1_192' title='bbox 618 1893 641 1933; x_wconf 89' lang='lat' dir='ltr'>et</span> <span class='ocrx_word' id='word_1_193' title='bbox 652 1902 733 1950; x_wconf 85' lang='lat' dir='ltr'>supcr-</span> 
     </span>
     <span class='ocr_line' id='line_1_28' title="bbox 65 1949 732 2016; baseline -0.004 -13"><span class='ocrx_word' id='word_1_194' title='bbox 65 1955 140 2003; x_wconf 88' lang='lat' dir='ltr'>fluens</span> <span class='ocrx_word' id='word_1_195' title='bbox 157 1961 181 2001; x_wconf 87' lang='lat' dir='ltr'>et</span> <span class='ocrx_word' id='word_1_196' title='bbox 193 1968 273 2016; x_wconf 79' lang='lat' dir='ltr'>porum</span> <span class='ocrx_word' id='word_1_197' title='bbox 283 1952 375 1999; x_wconf 81' lang='lat' dir='ltr'>Atticus</span> <span class='ocrx_word' id='word_1_198' title='bbox 386 1952 507 1999; x_wconf 85' lang='lat' dir='ltr'>videretur.</span> <span class='ocrx_word' id='word_1_199' title='bbox 540 1949 642 2012; x_wconf 78' lang='lat' dir='ltr'>Legistis</span> <span class='ocrx_word' id='word_1_200' title='bbox 653 1953 732 2014; x_wconf 81' lang='lat' dir='ltr'>utiquc</span> 
     </span>
     <span class='ocr_line' id='line_1_29' title="bbox 64 2015 733 2077; baseline -0.01 -8"><span class='ocrx_word' id='word_1_201' title='bbox 64 2029 89 2068; x_wconf 88' lang='lat' dir='ltr'>et</span> <span class='ocrx_word' id='word_1_202' title='bbox 100 2018 167 2069; x_wconf 73' lang='lat' dir='ltr'>calvi</span> <span class='ocrx_word' id='word_1_203' title='bbox 177 2018 279 2073; x_wconf 76' lang='lat' dir='ltr'>etBruti</span> <span class='ocrx_word' id='word_1_204' title='bbox 289 2018 318 2065; x_wconf 87' lang='lat' dir='ltr'>ad</span> <span class='ocrx_word' id='word_1_205' title='bbox 329 2015 464 2065; x_wconf 85' lang='lat' dir='ltr'>Ciceronem</span> <span class='ocrx_word' id='word_1_206' title='bbox 474 2016 555 2062; x_wconf 81' lang='lat' dir='ltr'>misses</span> <span class='ocrx_word' id='word_1_207' title='bbox 565 2016 684 2077; x_wconf 60' lang='lat' dir='ltr'>epistolem</span> <span class='ocrx_word' id='word_1_208' title='bbox 701 2030 733 2066; x_wconf 84' lang='lat' dir='ltr'>ex</span> 
     </span>
     <span class='ocr_line' id='line_1_30' title="bbox 64 2079 730 2148; baseline -0.008 -14"><span class='ocrx_word' id='word_1_209' title='bbox 64 2086 146 2148; x_wconf 87' lang='lat' dir='ltr'>quibus</span> <span class='ocrx_word' id='word_1_210' title='bbox 162 2083 228 2131; x_wconf 84' lang='lat' dir='ltr'>facile</span> <span class='ocrx_word' id='word_1_211' title='bbox 243 2091 278 2130; x_wconf 91' lang='lat' dir='ltr'>est</span> <span class='ocrx_word' id='word_1_212' title='bbox 289 2082 460 2145; x_wconf 73' lang='lat' dir='ltr'>deprehendere,</span> <span class='ocrx_word' id='word_1_213' title='bbox 477 2079 575 2128; x_wconf 79' lang='lat' dir='ltr'>Calvum</span> <span class='ocrx_word' id='word_1_214' title='bbox 585 2081 675 2140; x_wconf 84' lang='lat' dir='ltr'>quidem</span> <span class='ocrx_word' id='word_1_215' title='bbox 688 2080 730 2131; x_wconf 84' lang='lat' dir='ltr'>Ci-</span> 
     </span>
     <span class='ocr_line' id='line_1_31' title="bbox 63 2144 730 2211; baseline -0.006 -13"><span class='ocrx_word' id='word_1_216' title='bbox 63 2151 141 2199; x_wconf 86' lang='lat' dir='ltr'>ocroni</span> <span class='ocrx_word' id='word_1_217' title='bbox 152 2150 226 2196; x_wconf 84' lang='lat' dir='ltr'>risum</span> <span class='ocrx_word' id='word_1_218' title='bbox 236 2163 375 2211; x_wconf 70' lang='lat' dir='ltr'>exsanguem</span> <span class='ocrx_word' id='word_1_219' title='bbox 387 2154 410 2194; x_wconf 89' lang='lat' dir='ltr'>et</span> <span class='ocrx_word' id='word_1_220' title='bbox 420 2146 527 2201; x_wconf 74' lang='lat' dir='ltr'>attritum,</span> <span class='ocrx_word' id='word_1_221' title='bbox 545 2144 643 2192; x_wconf 86' lang='lat' dir='ltr'>Brutum</span> <span class='ocrx_word' id='word_1_222' title='bbox 653 2153 730 2194; x_wconf 79' lang='lat' dir='ltr'>eutem</span> 
     </span>
     <span class='ocr_line' id='line_1_32' title="bbox 63 2208 735 2277; baseline -0.006 -13"><span class='ocrx_word' id='word_1_223' title='bbox 63 2217 162 2264; x_wconf 87' lang='lat' dir='ltr'>otiosum</span> <span class='ocrx_word' id='word_1_224' title='bbox 173 2221 241 2276; x_wconf 78' lang='lat' dir='ltr'>utque</span> <span class='ocrx_word' id='word_1_225' title='bbox 248 2214 396 2277; x_wconf 74' lang='lat' dir='ltr'>disjunctim:</span> <span class='ocrx_word' id='word_1_226' title='bbox 416 2222 556 2272; x_wconf 86' lang='lat' dir='ltr'>rursumque,</span> <span class='ocrx_word' id='word_1_227' title='bbox 573 2208 735 2260; x_wconf 65' lang='lat' dir='ltr'>Ciceronem}</span> 
     </span>
     <span class='ocr_line' id='line_1_33' title="bbox 63 2275 731 2342; baseline -0.007 -13"><span class='ocrx_word' id='word_1_228' title='bbox 63 2279 139 2331; x_wconf 81' lang='lat' dir='ltr'>Calvo</span> <span class='ocrx_word' id='word_1_229' title='bbox 150 2279 239 2342; x_wconf 89' lang='lat' dir='ltr'>quidem</span> <span class='ocrx_word' id='word_1_230' title='bbox 253 2279 312 2325; x_wconf 87' lang='lat' dir='ltr'>mule</span> <span class='ocrx_word' id='word_1_231' title='bbox 325 2277 443 2332; x_wconf 78' lang='lat' dir='ltr'>audiuisse,</span> <span class='ocrx_word' id='word_1_232' title='bbox 460 2285 574 2338; x_wconf 79' lang='lat' dir='ltr'>tamquam</span> <span class='ocrx_word' id='word_1_233' title='bbox 591 2275 689 2323; x_wconf 84' lang='lat' dir='ltr'>solutum</span> <span class='ocrx_word' id='word_1_234' title='bbox 706 2283 731 2324; x_wconf 90' lang='lat' dir='ltr'>et</span> 
     </span>
     <span class='ocr_line' id='line_1_34' title="bbox 61 2341 729 2405; baseline -0.01 -11"><span class='ocrx_word' id='word_1_235' title='bbox 61 2360 185 2394; x_wconf 78' lang='lat' dir='ltr'>enervem:</span> <span class='ocrx_word' id='word_1_236' title='bbox 205 2344 299 2391; x_wconf 82' lang='lat' dir='ltr'>eBruto</span> <span class='ocrx_word' id='word_1_237' title='bbox 309 2351 391 2399; x_wconf 81' lang='lat' dir='ltr'>autem,</span> <span class='ocrx_word' id='word_1_238' title='bbox 403 2351 429 2389; x_wconf 89' lang='lat' dir='ltr'>ut</span> <span class='ocrx_word' id='word_1_239' title='bbox 438 2343 508 2405; x_wconf 88' lang='lat' dir='ltr'>ipsius</span> <span class='ocrx_word' id='word_1_240' title='bbox 518 2341 593 2389; x_wconf 81' lang='lat' dir='ltr'>verbis</span> <span class='ocrx_word' id='word_1_241' title='bbox 603 2347 659 2396; x_wconf 81' lang='lat' dir='ltr'>utar,</span> <span class='ocrx_word' id='word_1_242' title='bbox 669 2352 729 2388; x_wconf 85' lang='lat' dir='ltr'>tam·</span> 
     </span>
     <span class='ocr_line' id='line_1_35' title="bbox 61 2407 730 2474; baseline -0.006 -17"><span class='ocrx_word' id='word_1_243' title='bbox 61 2426 130 2474; x_wconf 85' lang='lat' dir='ltr'>quam</span> <span class='ocrx_word' id='word_1_244' title='bbox 147 2409 244 2457; x_wconf 69' lang='lat' dir='ltr'>smum</span> <span class='ocrx_word' id='word_1_245' title='bbox 263 2416 330 2470; x_wconf 84' lang='lat' dir='ltr'>atque</span> <span class='ocrx_word' id='word_1_246' title='bbox 347 2408 466 2456; x_wconf 83' lang='lat' dir='ltr'>elumbem.</span> <span class='ocrx_word' id='word_1_247' title='bbox 500 2407 524 2454; x_wconf 79' lang='lat' dir='ltr'>st</span> <span class='ocrx_word' id='word_1_248' title='bbox 543 2422 581 2453; x_wconf 86' lang='lat' dir='ltr'>me</span> <span class='ocrx_word' id='word_1_249' title='bbox 595 2407 730 2469; x_wconf 85' lang='lat' dir='ltr'>interroges,</span> 
     </span>
     <span class='ocr_line' id='line_1_36' title="bbox 62 2471 733 2524; baseline -0.004 -1"><span class='ocrx_word' id='word_1_250' title='bbox 62 2490 144 2524; x_wconf 79' lang='lat' dir='ltr'>ornnes</span> <span class='ocrx_word' id='word_1_251' title='bbox 160 2474 215 2521; x_wconf 88' lang='lat' dir='ltr'>mihi</span> <span class='ocrx_word' id='word_1_252' title='bbox 230 2473 335 2521; x_wconf 82' lang='lat' dir='ltr'>ridentur</span> <span class='ocrx_word' id='word_1_253' title='bbox 350 2488 430 2520; x_wconf 87' lang='lat' dir='ltr'>verum</span> <span class='ocrx_word' id='word_1_254' title='bbox 446 2472 536 2519; x_wconf 84' lang='lat' dir='ltr'>dixisse.</span> <span class='ocrx_word' id='word_1_255' title='bbox 570 2471 616 2519; x_wconf 86' lang='lat' dir='ltr'>Sed</span> <span class='ocrx_word' id='word_1_256' title='bbox 632 2487 687 2519; x_wconf 86' lang='lat' dir='ltr'>mox</span> <span class='ocrx_word' id='word_1_257' title='bbox 700 2473 733 2520; x_wconf 85' lang='lat' dir='ltr'>ud·</span> 
     </span>
     <span class='ocr_line' id='line_1_37' title="bbox 61 2537 735 2605; baseline -0.007 -16"><span class='ocrx_word' id='word_1_258' title='bbox 61 2541 166 2605; x_wconf 77' lang='lat' dir='ltr'>singulos</span> <span class='ocrx_word' id='word_1_259' title='bbox 176 2540 280 2596; x_wconf 68' lang='lat' dir='ltr'>ueniam</span> <span class='ocrx_word' id='word_1_260' title='bbox 292 2553 353 2585; x_wconf 85' lang='lat' dir='ltr'>nunc</span> <span class='ocrx_word' id='word_1_261' title='bbox 363 2538 418 2585; x_wconf 88' lang='lat' dir='ltr'>mihi</span> <span class='ocrx_word' id='word_1_262' title='bbox 429 2550 480 2586; x_wconf 86' lang='lat' dir='ltr'>cum</span> <span class='ocrx_word' id='word_1_263' title='bbox 491 2537 603 2585; x_wconf 84' lang='lat' dir='ltr'>universis</span> <span class='ocrx_word' id='word_1_264' title='bbox 612 2538 735 2600; x_wconf 72' lang='lat' dir='ltr'>negotium</span> 
     </span>
    </p>

    <p class='ocr_par' dir='ltr' id='par_1_4' title="bbox 82 2666 808 2741">
     <span class='ocr_line' id='line_1_38' title="bbox 82 2666 808 2741; baseline -0.014 -14"><span class='ocrx_word' id='word_1_265' title='bbox 82 2666 158 2718; x_wconf 68' lang='lat' dir='ltr'><strong>m</strong></span> <span class='ocrx_word' id='word_1_266' title='bbox 176 2668 272 2732; x_wconf 69' lang='lat' dir='ltr'>‘&#39;Nutn,</span> <span class='ocrx_word' id='word_1_267' title='bbox 289 2670 414 2741; x_wconf 70' lang='lat' dir='ltr'>quitenm</span> <span class='ocrx_word' id='word_1_268' title='bbox 431 2670 591 2737; x_wconf 55' lang='lat' dir='ltr'>antiquorum</span> <span class='ocrx_word' id='word_1_269' title='bbox 607 2666 808 2717; x_wconf 50' lang='lat' dir='ltr'>&amp;mxuma</span> 
     </span>
    </p>
   </div>
   <div class='ocr_carea' id='block_1_3' title="bbox 0 0 836 2910">
    <p class='ocr_par' dir='ltr' id='par_1_5' title="bbox 0 0 836 2910">
     <span class='ocr_line' id='line_1_39' title="bbox 0 0 836 2910; baseline 0 0"><span class='ocrx_word' id='word_1_270' title='bbox 0 0 836 2910; x_wconf 95' lang='lat' dir='ltr'> </span> 
     </span>
    </p>
   </div>
  </div>
 </body>
</html>
