1680 3188
69 436 115 483 162
250 428 538 481 SUPPLEMENTUM
610 434 725 478 u.o.ass.

68 561 187 624 Josephus,
202 561 293 624 ingenio
307 570 330 609 et
341 561 433 609 scientie
442 560 533 609 militari
543 576 590 608 aon
604 562 728 619 indecorus,

68 627 195 673 adulatione
210 627 292 682 verius,
309 642 375 686 quam
392 627 492 688 augurio,
506 627 624 687 imperium
641 624 728 691 Vesp-

71 692 133 738 siano
143 689 242 750 Titoque
252 692 369 747 ominatos,
380 691 479 737 savorem
490 690 594 752 captavit.

103 753 175 817 [Tum
195 755 303 817 legiones,
322 756 357 801 his
377 755 487 801 laboribus
504 754 577 809 fessae,
596 755 621 801 in
640 755 730 803 hiberna

72 817 209 873 concessere,
221 819 297 878 quinta
312 827 335 866 et
351 819 481 865 duodecima
497 818 660 880 Scythopolim,
671 819 729 866 deci-

72 890 148 929 maet
162 884 242 944 quinta
257 883 342 929 decima
361 882 495 931 Caesaream.
528 882 638 930 Saevitmn
655 891 729 930 tamen

72 948 95 993 in
111 949 236 1008 proximam
252 945 346 1008 Joppen,
360 948 458 1008 piraticis
478 947 604 1005 latrociniis
618 946 731 995 infamem.

73 1011 134 1058 Mox
148 1020 199 1057 ante
213 1012 308 1057 hiemem
326 1011 408 1057 bellum
424 1018 556 1058 renovatum
573 1019 616 1057 est.
647 1010 731 1058 Orabat

74 1076 134 1122 enim
149 1076 259 1136 Agrippa,
267 1083 292 1121 ut
307 1074 408 1121 Tiberias
422 1083 444 1120 et
459 1074 574 1130 Tarichea,
584 1076 652 1121 urbes
666 1075 729 1137 regni

74 1140 108 1185 sui
125 1139 272 1193 validissimas,
288 1139 421 1185 aseditiosis
433 1146 556 1200 occupatae,
571 1140 599 1186 ad
609 1139 676 1185 fidem
694 1154 728 1185 re·

73 1204 219 1249 traherentur.
252 1202 313 1263 Regi
323 1203 401 1257 amico,
413 1218 478 1264 opem
492 1204 583 1264 petenti,
594 1209 679 1264 praesto
689 1202 731 1250 fuit

75 1266 233 1327 Vespasianus.
263 1265 369 1321 Tiberias,
385 1268 509 1312 imminenti
524 1268 652 1314 discrimine
665 1268 730 1314 terri·

74 1337 104 1384 ta,
115 1331 248 1378 deditionem
263 1331 395 1392 properavit.
427 1330 560 1377 Taricheam
576 1331 730 1379 seditiosormn

75 1396 142 1441 duces
164 1396 192 1440 ad
212 1393 314 1440 fiduciam
335 1402 457 1441 erexerant
490 1395 536 1441 Sed
557 1395 664 1442 adversus
684 1394 732 1442 'liti

75 1461 122 1505 vim
138 1459 239 1512 invalida,
256 1459 342 1505 amissis
359 1472 399 1505 sex
416 1459 512 1506 milhhus
527 1460 650 1513 hominum,
667 1466 733 1522 capta

76 1531 116 1569 est
143 1523 189 1576 Qui
200 1525 223 1568 in
233 1523 305 1570 lacum
315 1520 441 1584 profugere,
452 1524 534 1585 pariter
544 1524 617 1570 deleti.
642 1523 733 1571 Deinde

76 1602 90 1634 a
105 1588 215 1634 seditionis
228 1586 320 1648 repetiti
335 1586 408 1649 poenir,
422 1587 573 1649 Vespasianus
588 1587 659 1634 edixit
672 1588 734 1635 niue

75 1666 101 1698 ac
118 1652 225 1698 ducentos
244 1652 309 1706 viros,
332 1659 398 1697 aetate
416 1661 439 1698 et
457 1653 587 1698 auctoritate
601 1653 734 1714 praecipuos,

76 1714 184 1772 tutamen
201 1723 293 1763 caeteros
307 1715 354 1762 sore
369 1717 474 1778 captivos.
507 1715 547 1762 Ex
561 1716 588 1762 iis
601 1730 641 1762 sex
658 1716 733 1770 millia,

76 1788 102 1826 nt
113 1780 214 1834 diximus,
223 1780 310 1826 Neroni
321 1780 400 1826 missa:
419 1780 512 1842 triginta
523 1780 592 1826 millia
599 1781 640 1826 sub
650 1778 735 1829 corant

75 1844 222 1890 venumdata:
242 1845 316 1891 caeteri
327 1845 435 1906 Agrippae
445 1843 539 1892 cessere.

110 1906 183 1970 [Haec
198 1907 314 1955 Taricheae
329 1910 398 1962 ruina,
410 1917 433 1955 et
449 1916 534 1972 strages
549 1909 653 1957 Gamala}
668 1910 735 1967 edita,

76 1972 100 2017 in
115 1970 159 2032 qud
175 1988 253 2019 omnes
270 1973 420 2028 contrucidati‚
434 1975 471 2020 vei
486 1991 499 2020 e
513 1975 606 2021 summis
621 1976 735 2023 moenibus

78 2044 157 2097 sponte
173 2038 297 2098 praecipites
312 2038 390 2091 enecti,
407 2044 512 2085 terrorem
528 2039 675 2099 undequaque
691 2039 735 2086 cir-

79 2099 208 2147 cumtulire.
240 2100 348 2147 Nondum
365 2108 438 2148 tamen
450 2103 547 2149 seditiosi
562 2103 590 2149 ad
601 2103 663 2164 pacis
679 2118 734 2150 oon·

77 2165 127 2211 silia
137 2166 244 2220 conversi,
256 2166 300 2220 sed,
308 2165 421 2212 furentum
431 2181 500 2220 more,
507 2168 605 2214 adversis
614 2166 736 2214 ferociores

77 2229 223 2290 undequaque
232 2245 370 2284 concursare,
382 2229 543 2291 Hierosolyma
551 2231 660 2293 implere3
677 2238 735 2278 tem·

77 2294 146 2355 pIum,
157 2293 254 2341 maximi
269 2295 293 2340 in
308 2296 452 2341 veneratione
467 2296 577 2355 quondam
592 2296 700 2351 habiturn,
711 2296 736 2342 in

78 2372 151 2404 arcem
168 2366 260 2413 vertere,
278 2360 374 2406 caedibus
391 2366 414 2404 et
433 2360 513 2405 summi
529 2358 640 2421 pontificis
656 2375 736 2407 cruore

78 2421 177 2480 foedare3
194 2424 288 2484 denique
304 2439 355 2469 cum
373 2423 427 2469 nihil
445 2425 501 2469 sacri
517 2424 628 2477 haberent,
644 2424 735 2486 religio·

79 2501 137 2542 nem,
153 2495 178 2533 ut
194 2488 288 2535 nefanda
303 2503 397 2548 quaeque
413 2487 493 2533 audere
509 2487 591 2541 liceret,
608 2487 736 2535 obtendere.

79 2550 148 2599 Multi
156 2550 361 2613 discordiipropere
368 2552 486 2598 utendum:
501 2551 737 2612 Hierosolymaposse

79 2617 186 2678 opprimi;
203 2617 302 2664 etunius
314 2617 373 2662 urbis
388 2615 553 2677 expugnatione
561 2614 644 2660 heliam
659 2614 736 2678 peragi

79 2681 205 2729 censebant.
238 2679 324 2728 Contra
338 2680 500 2741 Vespasianus:
518 2678 672 2726 Festinatione
682 2679 737 2726 nihil

79 2761 136 2806 opus
143 2761 204 2792 esse:
224 2745 335 2791 discordes
343 2745 429 2791 animos
436 2744 515 2790 ultimo
526 2758 599 2790 rerum
608 2743 736 2790 discrimine

77 2812 106 2856 ad
127 2810 266 2856 concordiam
287 2825 333 2855 non
356 2808 543 2855 exstimulandos:
574 2806 735 2868 Hierosolyma

67 2875 208 2923 advenarum
228 2875 334 2931 colluvie,
353 2880 520 2920 commeatuum
537 2869 638 2934 penuhi,
650 2872 737 2917 mutuis

55 2940 165 2992 eaeaiaus
183 2942 234 3008 ipsa
252 2942 315 2993 ultro
333 2956 416 2992 rueres
441 2940 524 2988 hostes
535 2946 654 2996 uunquam
668 2932 752 2979 aarum
