1680 3188
212 123 256 165 108
291 112 484 163 ANNALIUM
495 111 612 161 LuaXV.
626 111 736 162 Camil.
761 119 838 159 U.c..

209 256 256 296 ret:
278 249 322 301 ille,
341 244 474 293 Armeniam
492 260 581 306 quoque
596 245 690 292 diversis
705 246 820 307 praesidiis

208 329 275 362 cuam
297 313 353 366 fieri,
375 310 538 373 expostulabat.
574 309 608 357 Et
628 317 743 372 postremo
766 327 839 359 conr«.

209 393 264 426 rext
286 378 409 437 dirutaque,
424 391 475 438 quae
493 376 552 422 ultra
568 373 702 437 Euphraten
714 390 791 423 comm
814 377 840 416 ’ἵ

210 442 317 496 Corbulo,
329 449 352 488 et
363 442 468 488 Armenii
478 441 527 488 sine
537 441 620 487 arbitro
631 440 703 487 relicti
714 448 775 489 sunt.

243 505 343 555 XVIII.
359 507 393 553 At
406 505 490 553 Ηοιιιιι
505 512 591 566 tropaea
604 505 633 551 de
648 504 746 561 Parthis,
767 528 769 545 ι
833 530 837 545 ι

208 571 286 621 medio
300 570 422 634 Capitolini
438 571 522 618 montis
535 570 678 624 sistebantur,
697 570 789 619 decreta
803 572 832 619 ab

210 646 272 693 natu,
290 638 380 698 integro
395 635 467 683 adhuc
481 635 546 688 bello,
566 649 639 694 neque
654 645 703 681 tum
717 636 808 692 omissa,
830 660 834 676 ι

211 702 326 765 adspectui
344 700 475 755 consulitur,
494 697 568 760 spreti
587 699 732 746 conscientii-
766 701 832 756 Quin

209 766 375 816 dissimulandis
386 780 461 811 rerum
472 771 616 810 externarum
625 765 691 820 curis,
704 764 769 812 Nero
820 790 832 808 ι.

209 843 258 881 tum
273 832 350 895 plebis,
370 836 483 876 vetustate
501 835 637 889 corruptum,
656 829 680 875 in
698 829 826 878 'Iiberim'
814 849 840 896 J*-

210 915 256 960 quo
278 897 419 944 securitatem
439 908 536 941 annonae
558 900 695 941 ostentaret·
720 897 786 958 cujus
807 914 823 960 p

211 962 268 1010 nihil
286 961 385 1008 additum
405 966 446 1013 est,
466 959 568 1020 quamuis
588 959 696 1006 ducentas
711 958 785 1008 ferme
803 978 833 1011 ns

211 1035 278 1091 portu
288 1027 313 1073 in
323 1026 379 1088 ipso,
395 1023 503 1071 violentia
514 1025 659 1100 tempestatis,
678 1030 701 1071 et
711 1034 805 1073 centum

211 1093 288 1140 'liberi
300 1092 425 1145 subvectas,
441 1088 570 1136 fortuitus
564 1090 625 1151 ignis
636 1088 790 1166 absumsisset.

212 1305 264 1337 cum
279 1286 427 1334 insectatione
440 1286 541 1348 priorum
557 1284 689 1346 principum,
709 1286 749 1345 qui
767 1289 833 1348 gravi

212 1360 327 1402 sumtuum
338 1353 415 1414 J‘ustos
425 1350 510 1397 reditus
521 1347 659 1397 anteissent
679 1365 704 1397 se
715 1365 816 1399 annuum

211 1420 297 1467 centies
305 1415 432 1466 sestertium
443 1415 536 1477 reipubl.
548 1415 632 1477 largiri.

244 1481 317 1530 XIX
347 1481 508 1529 Percrebuerat
529 1478 557 1528 ed
578 1487 711 1544 tempestate
732 1483 839 1544 pravissi

210 1562 269 1602 mos,
286 1562 338 1594 cum
355 1546 485 1609 propinquis
500 1546 603 1600 comitiis,
620 1553 659 1593 aut
676 1553 738 1594 sorte
751 1550 840 1611 provin

210 1628 270 1669 rum,
291 1613 392 1675 plerique
410 1613 458 1658 orbi
475 1611 534 1658 fictis
556 1612 711 1673 adoptionibus
729 1613 831 1661 udsc'wu

210 1677 276 1733 iilios,
292 1685 446 1740 praeuuasque
460 1684 483 1724 et
497 1677 624 1738 provincias
639 1677 698 1723 inter
711 1684 788 1738 patres
800 1694 826 1727 so

210 1743 287 1791 statim
309 1743 437 1789 emitterent
458 1757 534 1797 manu,
556 1757 613 1803 quos
634 1743 810 1803 adoptaverantt

212 1806 298 1869 magud
307 1821 360 1854 cum
370 1804 455 1853 invidiis
465 1814 568 1854 senatum
580 1807 669 1861 adeunt,
681 1809 721 1867 jus
732 1816 828 1862 naturae.

210 1874 276 1920 bores
287 1872 403 1926 educandi,
419 1872 526 1919 adversus
541 1871 642 1918 fraudem
659 1881 683 1918 et
699 1881 758 1919 artes
769 1882 793 1920 et
803 1876 840 1922 br

211 1944 281 1986 tatem
292 1937 418 1998 adoptionis
429 1945 576 1983 enumerant:
596 1937 650 1983 satis
665 1939 729 1998 pretii
747 1954 798 1985 esse
812 1956 827 1987 o

211 2003 272 2065 quod
282 1999 354 2049 multi
364 2002 488 2056 securitate,
507 2002 574 2048 nullis
588 2003 699 2057 oneribus,
716 2004 820 2063 gratiam,

211 2082 285 2122 nores,
303 2074 385 2114 cuncta
399 2073 489 2129 promta
502 2073 526 2113 et
541 2067 606 2113 obvia
621 2068 734 2113 baberent
769 2068 816 2116 Sibi
834 2094 838 2111 ι

211 2135 280 2180 missa
286 2132 363 2194 legum
371 2133 408 2179 diu
416 2140 545 2194 exspectata
553 2132 576 2177 in
587 2132 705 2178 ludibrium
713 2135 778 2188 verti,
791 2150 806 2196 q
826 2158 828 2171 1

210 2199 262 2259 quis
273 2198 321 2244 sine
332 2197 482 2244 sollicitudine
492 2212 581 2258 parens,
594 2197 642 2243 sine
653 2199 716 2244 luctu
723 2200 798 2254 orbus,
810 2201 833 2247 lo

210 2271 299 2327 patrum
312 2269 365 2310 vota
375 2268 466 2324 repente
477 2261 611 2321 adaequaret.
644 2261 741 2308 Factum
756 2278 787 2310 ex
804 2281 831 2313 eo

211 2328 289 2376 natus·
291 2327 426 2381 consultum,
444 2341 473 2372 ne
488 2327 593 2372 simulata
608 2327 719 2389 adoptio
713 2343 736 2374 ιιι
752 2327 799 2375 ulld
823 2352 839 2371 u

209 2394 310 2440 muneris
320 2393 403 2454 publici
409 2394 507 2454 juvaret,
519 2407 545 2438 ao
556 2407 585 2437 ne
575 2382 822 2475 usurpandisquidem
837 2418 840 2436 ι

211 2459 341 2506 reditatibus
352 2457 476 2519 prodesset.

245 2522 304 2569 XX.
320 2522 383 2570 Exin
400 2521 509 2570 Claudius
525 2520 666 2577 Timarchus,
686 2521 810 2580 Cretensis,

202 2589 287 2647 agitur,
303 2589 394 2637 oaeteris
408 2587 547 2643 criminibus,
563 2596 590 2635 ut
607 2589 682 2636 solent
694 2589 811 2650 praeualidi
831 2612 835 2630 ·

188 2651 333 2710 srmeialium,
359 2663 385 2704 et
403 2657 487 2721 opibus
512 2657 592 2707 nimiis
611 2657 641 2705 ad
661 2655 758 2720 iniurias
773 2668 834 2700 mio
