1680 3188
155 116 201 160 180
341 110 626 162 SUPPLEMENTUM
700 115 812 157 umora

150 250 234 304 pectus,
254 243 316 301 quasi
335 258 374 303 per
392 243 472 288 hostile
491 243 563 289 solum
579 244 622 288 iter
637 243 755 303 ingressus
770 248 811 289 sst-

151 306 241 354 Pronus
256 306 280 351 in
299 307 446 361 severitatem,
466 305 625 368 Hispaniarum
642 307 811 367 Galliarumque

149 371 257 425 civitates,
273 370 351 431 quibus
367 371 491 417 cunctatior
505 371 578 418 iuerat
593 369 656 428 fides,
671 371 810 432 gravioribus

149 433 243 488 tributis,
259 433 337 480 finium
351 450 439 495 quoque
452 437 534 482 damno
547 436 643 481 attrivit:
663 442 811 495 auctoresque

150 499 304 551 cunctationis,
320 499 464 546 Obultronius
475 499 569 546 Sabinus
579 507 603 545 et
613 496 735 546 Cornelius
744 498 810 545 Mer·

136 563 219 609 'cellus
235 563 259 608 in
276 561 393 623 Hispanii,
409 562 497 609 Betuus
514 561 580 610 Chilo
594 563 618 608 in
635 561 719 617 Gellii,
735 562 811 609 occid·

151 626 222 674 Simul
233 627 336 687 principis
347 628 419 687 jussu,
431 625 555 673 Trebonius
566 627 715 680 Garucianus,
728 640 809 687 procs-

148 699 216 744 rator,
232 688 335 736 Clodium
348 690 452 735 Macrum
467 690 490 735 in
505 688 583 736 Africi
597 691 724 736 turbantem
738 690 807 736 inter·
822 705 828 711 ·

148 754 202 800 ficit
236 753 343 799 Fonteius
361 751 448 812 Capito,
464 753 573 814 ambiguis
589 753 668 799 studiis
683 760 806 814 suspectus,

149 819 173 864 in
185 814 306 864 Gennanii
315 816 386 876 periit,
399 831 412 861 a
424 813 529 862 Cornelio
540 816 632 876 Aquino
643 825 667 862 et
677 815 748 864 Fabio
758 814 806 865 Vs·

147 882 208 927 lente
218 895 343 940 oppressus.

180 943 401 1007 [Formidolosiorem
420 943 581 1006 Nymphidium
602 961 744 1007 praepropera
765 960 804 993 cn·

147 1011 200 1072 pido
208 1008 316 1070 perditum
327 1008 359 1053 iit
388 1005 447 1055 Cum
459 1010 566 1055 secundas
577 1010 637 1055 inim
667 1010 808 1057 rioohtinere

147 1074 211 1120 vanis
219 1073 301 1118 artibus
309 1069 424 1127 tentisset,
434 1070 508 1126 Vinio,
521 1071 618 1128 Lacone,
643 1075 698 1129 celo,
710 1074 806 1136 prrepol·

147 1139 249 1190 lentibus,
266 1143 289 1182 et
303 1135 394 1183 Othone
407 1151 447 1198 per
461 1134 523 1182 Vinii
538 1136 637 1184 favorem
651 1139 679 1184 ad
693 1138 805 1185 fortunam

147 1196 806 1328 tltmitttmittltttttd‘httlttlili

146 1331 217 1377 milite
233 1345 297 1391 spes;
317 1337 340 1374 et
356 1343 385 1375 ne
398 1329 518 1390 impacatus
532 1330 560 1375 ad
574 1330 597 1375 id
611 1330 728 1390 dignitatis
742 1344 804 1377 eccs·

146 1396 214 1446 deret,
227 1393 348 1439 orationem
359 1390 494 1454 scingonio
502 1393 613 1449 Varrone,
623 1394 698 1440 venali
705 1394 803 1456 ingenio,

145 1459 266 1505 intantum
281 1456 395 1519 fastigium
408 1459 518 1518 scriptam,
531 1458 655 1504 edidicerat.
686 1457 743 1505 Nox
752 1473 805 1521 pro·

145 1523 228 1584 pinqua
244 1522 322 1568 talibus
338 1521 397 1568 auris
412 1522 567 1568 destinabatur.
597 1521 691 1568 Restitit
708 1522 804 1569 Antonii

146 1585 266 1639 Honorati,
284 1586 372 1638 tribuni,
390 1584 453 1632 fides.
485 1584 626 1632 Praemonitis
642 1587 702 1632 enim
720 1593 802 1649 prreto·

145 1650 219 1702 tinnis,
233 1656 267 1694 tot
281 1649 341 1694 vices
355 1648 474 1695 dedecere:
495 1651 630 1711 praecipitem
644 1650 715 1696 fuisse
728 1667 742 1698 a
753 1649 801 1698 Ne-

146 1727 207 1765 rone,
219 1712 270 1757 licet
281 1711 388 1758 scelernm
400 1727 444 1766 reo,
457 1712 613 1760 delectionem:
629 1713 731 1770 aGalbi,
742 1730 802 1763 novo

144 1783 168 1823 st
178 1775 266 1820 laudato
276 1776 381 1835 principe,
390 1777 517 1837 probrosam
525 1777 585 1824 lore:
601 1786 666 1840 turpe
674 1779 771 1841 insuper,
782 1779 801 1827 si

144 1836 218 1886 Livire
232 1838 320 1884 affinem
332 1839 475 1900 Nymphidiae
487 1840 533 1888 filio
544 1851 710 1904 postponerent.
740 1841 800 1892 Cum

142 1903 295 1964 Nymphidius
306 1911 378 1949 castra
388 1903 474 1959 adisset,
486 1921 525 1951 seu
536 1915 560 1953 ut
571 1906 611 1953 sul
622 1907 645 1952 in
653 1906 697 1954 firle
704 1904 801 1956 firmaret

143 1969 237 2020 animos,
252 1981 291 2013 seu
303 1975 328 2012 ut
338 1974 399 2012 ortos
409 1967 467 2014 sorte
477 1976 552 2015 motus
562 1971 655 2025 sedaret,
669 1973 719 2032 ipso
730 1973 753 2018 in
763 1973 798 2018 in·

141 2046 221 2094 gressu
233 2030 348 2077 confossus
358 2032 467 2078 occubuit.

176 2093 266 2158 [Galba
280 2094 324 2141 hbe
333 2096 394 2141 caede
404 2095 512 2151 nuntiati,
527 2099 587 2157 quasi
600 2100 685 2160 imperii
696 2101 799 2161 pacisque

141 2170 221 2213 certus,
234 2166 310 2220 togam
322 2161 413 2206 sumsit:
433 2161 471 2207 sed
482 2169 567 2208 mutato
579 2163 660 2217 habitu,
674 2165 734 2210 haud
747 2179 798 2210 mu·

140 2232 187 2271 tcta
195 2239 265 2269 mens.
291 2221 382 2268 Inerant
391 2239 477 2286 semper
484 2226 523 2274 ira,
535 2226 659 2280 diffidentia,
668 2228 796 2290 injuriarum

139 2288 252 2340 memorie,
268 2295 391 2346 caeteraque
404 2290 477 2349 pavidi
487 2290 561 2341 animi,
577 2291 599 2334 in
611 2292 696 2351 privato
707 2292 797 2338 homine

139 2354 263 2404 inhonesta,
279 2350 366 2397 funesta
380 2354 478 2414 principi,
498 2355 560 2414 cujus
573 2354 636 2400 initia
649 2353 702 2400 verri
716 2354 796 2402 fictiia

137 2414 215 2463 laetitit
228 2413 343 2476 gratiique
357 2417 437 2462 debent
451 2419 578 2463 clarescere.
611 2416 685 2465 Immo
699 2419 749 2479 plus
759 2421 794 2465 in-

137 2482 204 2527 vidiae
214 2481 286 2525 movit
296 2480 368 2525 eaedcs
381 2479 480 2527 Petronii
491 2481 620 2540 Turpiliani,
635 2483 757 2531 consularis
772 2492 795 2530 et

136 2544 274 2604 triumphalis
285 2544 333 2598 viri,
347 2545 452 2606 imperata
467 2546 526 2605 quod
537 2544 635 2592 Neronis
649 2546 695 2592 dux
708 2546 793 2601 fuisset,

126 2613 176 2656 ΒΗ
187 2606 305 2674 Tigellino
315 2617 412 2677 patrata·
443 2609 519 2659 Atrox
528 2624 618 2672 quoque
624 2609 709 2664 risum
714 2619 796 2671 preter
