1680 3188
79 429 93 473 o
147 420 345 474 ANNALIUM
360 420 483 474 Lam
495 420 600 474 cansa
616 424 731 470 o.c.soo.

69 569 110 602 rau
123 555 294 620 interjecissent,
312 554 366 604 cesi
384 555 475 603 milltes.
506 555 653 617 Arsissetque
671 555 731 604 bello

63 620 183 684 provincia,
201 622 225 668 ni
243 620 380 676 Quadratus,
397 620 471 683 Syriae
484 627 566 678 rector,
581 621 732 668 subvenisset.

60 685 113 734 Nec
124 686 163 733 diu
170 687 278 734 mausus
288 684 390 742 Judaeos,
401 687 440 748 qui
448 687 472 734 in
479 700 558 734 necem
569 687 666 733 militum
676 702 731 749 pro·

60 759 175 813 ruperant,
197 752 328 808 dubitatum,
351 752 405 813 quin
427 753 501 814 capite
521 767 602 814 poenas
623 752 728 799 luereutr

60 815 180 864 Cumanus
204 825 228 865 et
249 814 316 864 Felix
339 819 506 864 cunctationem
529 815 657 873 afferebant,
678 817 730 877 quia

60 878 177 937 Claudius,
202 883 276 942 causis
299 883 426 929 rebellionis
445 883 533 937 auditis,
557 884 595 946 jus
618 882 731 928 statuendi

60 946 129 992 etiarn
149 947 177 993 de
194 949 373 1010 procuratoribus
391 947 488 994 dederat
531 946 577 994 Sed
600 947 731 1002 Quadratus

63 1009 163 1059 Felicem
175 1013 234 1059 inter
240 1013 328 1076 judices
340 1014 469 1067 ostentavit,
486 1022 601 1075 receptum
620 1014 644 1058 in
659 1013 731 1058 tribu·

61 1076 106 1132 nal,
124 1093 170 1139 quo
184 1076 258 1124 studia
272 1079 426 1124 accusantium
438 1078 617 1125 deterrerenturr
638 1077 731 1123 damna-

61 1148 143 1204 msque
153 1141 298 1204 flagitiorum,
313 1157 365 1203 quae
376 1143 421 1189 duo
433 1142 578 1204 deliquerant,
595 1141 729 1191 Cumanus:

62 1212 87 1254 et
98 1207 161 1269 quies
171 1208 296 1268 provinciae
307 1208 400 1254 redditu.

95 1271 150 1319 LV.
168 1271 219 1318 Neo
229 1272 301 1318 multo
312 1283 364 1333 post
379 1273 503 1334 agrestium
512 1270 610 1321 Cilicum
619 1271 733 1327 nationes,

62 1338 143 1398 quibus
156 1335 268 1385 Clitarum
278 1345 464 1398 cognomentum,
482 1353 544 1399 saepe
560 1343 584 1384 et
601 1338 656 1385 alu
667 1351 731 1384 eom·

64 1409 141 1457 motae,
158 1409 221 1456 tunc,
231 1400 361 1448 Trosobore
371 1402 435 1456 duce,
446 1410 537 1449 montes
548 1417 640 1465 mperes
655 1401 734 1449 castris

107 1465 117 1481 “
150 1485 156 1514 :
176 1473 244 1528 atque
254 1467 307 1513 iude
322 1467 418 1514 decursu
430 1467 453 1513 in
463 1467 531 1514 litora
540 1474 580 1514 aut
596 1467 669 1522 urbes,
685 1467 732 1513 vim

63 1483 188 1580 dirigerlbus
198 1539 222 1578 et
233 1532 356 1594 oppidanis,
373 1546 399 1579 ac
417 1532 552 1593 plerumque
561 1532 585 1578 in
595 1537 733 1579 mercatores

63 1605 87 1646 et
99 1597 256 1652 navicularios,
267 1597 385 1644 audebant.
416 1595 560 1658 Obsessusque
575 1595 655 1644 civitas
666 1596 732 1644 Ane-

62 1664 189 1718 munientis,
201 1669 225 1709 et
235 1661 299 1708 missi
310 1676 323 1707 e
335 1658 433 1723 Syn‘din
445 1662 568 1710 subsidium
579 1661 673 1723 equites,
679 1676 732 1708 oum

62 1726 172 1790 praelecto
190 1724 272 1775 Curtio
287 1725 379 1782 Severo,
394 1727 525 1774 turbantur:
544 1726 607 1788 quod
620 1727 669 1773 duri
687 1726 732 1773 cir·

61 1808 115 1840 cum
131 1792 182 1848 loci,
200 1790 355 1854 peditibusque
372 1791 401 1839 ad
447 1806 518 1855 gnam
528 1790 609 1846 idonei,
628 1798 733 1853 equestre

60 1858 167 1919 proelium
178 1856 238 1903 haud
248 1857 395 1918 patiebantur.
411 1808 475 1905 Ensis
483 1872 524 1905 rex
534 1858 582 1920 ejus
588 1871 636 1904 one
648 1857 732 1904 Antio·

62 1923 125 1978 chus,
136 1921 294 1971 blandimentis
301 1921 409 1970 adversus
418 1923 514 1985 plebem,
524 1922 603 1970 fraude
609 1923 632 1969 iu
643 1922 743 1977 ducenis

61 2003 114 2034 cum
124 1987 269 2035 barbarorum
280 1987 355 2050 copias
366 1986 515 2044 dissociisset,
526 1987 662 2043 Trosobore‚
674 2002 733 2050 pau·

63 2053 140 2114 cisque
149 2053 284 2116 primoribus
294 2052 425 2110 interfectis,
437 2061 532 2101 caeteros
543 2052 734 2101 clementiacom-

62 2119 146 2180 posuit

96 2182 165 2230 LVI.
182 2183 230 2231 Sub
246 2184 306 2232 idem
328 2192 423 2248 tempus,
443 2185 503 2232 inter
524 2185 599 2231 lacum
619 2181 734 2230 Fucinum

64 2261 200 2310 amnemque
212 2248 285 2317 Lirin,
296 2258 403 2312 perrupto
413 2257 499 2305 monte,
511 2266 556 2311 quo
566 2247 732 2311 magnificentie

63 2314 273 2438 illidii}
282 2312 727 2442 ltztliildllgltllltl‘t

64 2443 166 2491 'llberim
175 2460 187 2491 a
243 2460 265 2498 o,
277 2444 317 2492 sed
326 2445 414 2491 levibus
422 2445 528 2508 navigiis,
537 2452 560 2491 et
567 2444 655 2491 minore
662 2442 718 2505 copi?

64 2509 171 2556 ediderat.
248 2509 313 2556 adius
330 2511 434 2558 triremes
450 2510 645 2572 quadriremesque
656 2514 680 2554 et
689 2522 712 2554 ur

65 2574 175 2636 deviginti
186 2574 303 2621 bominum
314 2575 385 2622 millia
393 2575 496 2630 armavit,
503 2576 579 2622 cincto
589 2574 673 2621 ratibus
684 2587 707 2620 ar

63 2639 119 2693 bitu,
131 2653 160 2685 ue
170 2653 230 2702 vaga
241 2639 326 2702 effugia
338 2639 429 2698 foreut3
447 2656 473 2688 ao
484 2647 560 2688 tamen
572 2639 668 2702 spatium
684 2653 702 2685 ar

52 2704 149 2762 plexus,
161 2705 192 2751 sd
203 2705 249 2751 vim
261 2706 359 2769 remigii,
376 2707 548 2770 gubernantium
560 2711 625 2759 artes,
638 2704 697 2764 impe

44 2767 152 2823 ¹¹⁸t'1'11ffl1
165 2777 192 2817 et
198 2771 286 2835 proelio
296 2773 373 2822 solita.
396 2770 427 2820 ln
438 2773 526 2820 ratibus
534 2768 690 2832 preturium

32 2827 143 2880 'mnium
161 2839 284 2903 manipuli
303 2848 441 2904 turmaeque
458 2838 604 2887 adsumam
622 2834 687 2886 Μ

15 2902 232 2962 P'0Pflgfflculis,
247 2922 285 2956 ex
298 2906 355 2972 quis
373 2906 508 2972 catapultae
519 2898 676 2970 bffilsslaefloe

7 2961 112 3010 mtur-
129 2963 254 3038 Reliqua
267 2975 344 3029 laets
357 2973 485 3027 classiarii
497 2959 677 3020 tectiwffi'lw
