1680 3188
70 136 115 179 148
149 130 338 178 ANNALIUM
351 131 478 178 LrnXVI.
490 128 593 180 Car.25.
614 135 726 176 stesso.

70 263 88 308 si
104 262 198 323 gliscere
208 268 232 308 et
245 262 322 323 vigere
333 261 454 307 Brutorum
468 261 561 307 aemulos
576 277 684 324 passurus
699 277 731 308 es.

70 325 177 386 Denique
190 327 244 372 nibil
259 327 306 388 ipse
320 326 348 372 de
360 323 458 372 Thraeci
471 327 597 388 scripserisr
617 326 729 386 discepta-

69 396 141 437 torem
153 398 254 437 senatum
265 391 328 436 nobis
342 389 465 450 relinque.”
498 388 639 436 Extollunt
651 404 730 450 prorn-

70 460 118 500 tum
130 451 260 503 Cossutiani
267 455 365 501 animum
373 453 450 510 Nero;
467 452 730 515 adjicitqueMarcellum

68 515 171 581 Eprium,
183 519 228 567 acri
238 518 371 578 eloquentii.
630 531 633 536 ·

102 581 205 629 XXIII.
227 581 261 630 At
274 582 370 629 Baream
386 582 496 628 Soranum
508 583 556 644 jam
571 580 612 626 sibi
623 580 731 627 Ostorius

71 645 173 702 Sabinus,
188 662 255 708 eques
265 646 389 700 Romanus,
403 653 534 707 poposcerat
548 658 619 698 reum,
632 658 663 690 ex
675 660 729 706 pru·

70 711 186 758 consulatu
205 710 275 765 Asiae,
294 711 317 755 in
336 709 381 770 qut
397 709 530 756 offensiones
545 708 651 770 principit
666 707 731 754 auxit

66 773 155 838 justitiis
169 782 235 834 atque
250 772 365 828 industrii,
382 780 404 819 et
420 774 471 833 quia
485 775 559 834 portui
575 771 729 835 Ephesiorum

70 839 189 900 aperiendo
203 853 278 883 curam
295 838 441 883 intumuerat:
458 838 548 896 vimque
562 836 659 883 ciuitatis
670 835 728 883 Per·

69 916 181 965 gamenae,
202 902 338 963 prohibentis
359 901 474 954 Acratum,
498 898 596 948 Caesaris
616 900 729 955 libertum,

70 972 155 1013 statuas
167 972 190 1011 et
203 966 300 1026 picturas
313 966 414 1018 avehere,
429 965 523 1011 inultam
536 964 649 1011 omiserat
682 964 729 1013 Sed

70 1029 158 1076 crimini
173 1029 264 1075 dabatur
280 1030 376 1075 amicitia
392 1028 472 1083 Plauti,
488 1036 512 1073 et
527 1028 618 1074 ambitio
633 1028 728 1075 macili-

70 1093 135 1140 andae
145 1094 265 1154 provinciae
277 1093 304 1139 ad
315 1108 364 1153 spes
375 1107 451 1139 novas.
477 1091 578 1154 Tempus
589 1090 728 1140 damnationi

70 1156 187 1211 delectum,
202 1173 246 1217 quo
260 1156 371 1202 'liridatcs
383 1156 510 1217 accipiendo
525 1155 642 1203 Armeniae
656 1170 729 1219 regne

70 1221 212 1268 adventabat:
228 1228 253 1266 ut
264 1221 291 1267 ad
302 1227 393 1266 externa
403 1221 527 1267 rumoribus
538 1220 670 1266 intestinum
677 1235 728 1267 sce

69 1285 106 1331 lus
116 1285 276 1338 obscuraretur,
291 1300 326 1338 an,
341 1291 365 1329 ut
376 1285 551 1345 magnitudinem
563 1285 728 1345 imperatoriam

70 1349 133 1396 cande
143 1349 264 1410 insignium
276 1349 381 1403 virorum,
392 1349 453 1409 qussi
464 1349 526 1410 regio
533 1346 639 1403 facinore,
650 1355 727 1395 omen-

103 1476 200 1523 XXIV.
226 1475 309 1540 Igitur,
331 1478 392 1525 omni
413 1478 502 1524 civitate
522 1477 551 1524 ad
571 1476 727 1539 excipiendrun

70 1541 191 1603 principem
200 1542 388 1602 spectandumque
398 1557 474 1604 regem
482 1539 558 1596 effusi,
568 1540 677 1596 lbrasea,
688 1556 728 1588 oo·

71 1619 138 1652 cursu
148 1606 276 1667 prohibitus,
288 1621 334 1653 nou
344 1606 431 1654 demisit
438 1607 547 1652 animum:
565 1605 606 1651 sed
613 1606 729 1655 codicillos

70 1671 99 1717 ad
110 1668 225 1716 Neronem
236 1672 366 1732 composuit,
381 1671 494 1732 requirens
504 1671 596 1732 obJecta,
610 1676 634 1716 et
643 1684 727 1731 expau-

70 1741 175 1796 gaturum
186 1749 321 1788 asseverans,
337 1735 355 1780 si
365 1736 466 1781 notitiam
477 1735 594 1780 criminum
605 1740 629 1780 et
639 1735 727 1795 coptam

71 1797 169 1844 diluendi
177 1799 296 1844 habuisset.
326 1797 375 1845 Eos
385 1798 498 1845 codicillos
509 1797 572 1845 Nero
582 1804 728 1860 properanter

70 1862 161 1924 accepit,
183 1878 228 1923 spe,
250 1863 380 1908 exterritum
399 1861 520 1909 Thraseam
543 1862 665 1923 scripsisse,
687 1876 728 1923 per

69 1941 121 1986 quae
127 1926 278 1973 claritudinem
287 1927 390 1988 principis
397 1926 520 1979 extolleret,
528 1941 635 1986 suamque
642 1924 725 1973 samam

69 1990 231 2037 dehonestaret.
264 1990 332 2045 Quod
347 1991 383 2036 ubi
400 1991 542 2044 non‘evenit,
557 1989 689 2050 vultumque
702 1995 726 2037 et

68 2055 158 2116 spiritus
171 2063 195 2100 et
209 2055 330 2101 libertatem
345 2055 439 2100 insontis
453 2054 511 2100 ultro
526 2053 636 2108 extimuit,
649 2054 726 2100 vocari

66 2124 141 2180 patres
150 2120 222 2180 jubet
253 2118 313 2165 Tum
324 2116 424 2165 Thrasea
436 2119 494 2163 inter
506 2119 621 2178 proximos
634 2117 724 2164 consul·

67 2183 130 2236 tavit,
142 2190 266 2228 tentaretne
275 2181 432 2237 defensionem,
444 2197 473 2228 sn
481 2188 602 2242 sperneret.
625 2181 724 2228 Diversa

67 2246 159 2291 consilia
170 2246 323 2292 afferebantur.

98 2309 181 2355 XXV.
207 2309 295 2363 Quibus
312 2309 388 2354 intrari
408 2310 490 2356 curiam
509 2309 614 2370 placebat,
633 2323 724 2355 securos

66 2388 115 2420 esse
123 2373 151 2419 de
158 2371 283 2419 constantii
290 2374 343 2435 ejus,
355 2373 467 2419 dixerunt:
485 2373 539 2418 nibil
550 2373 668 2426 dicturum,
680 2372 724 2418 ulsi

64 2438 318 2498 quogloriemaugeret.
341 2436 668 2498 Segnesetpavidossupremis
676 2437 724 2482 suls

65 2508 175 2545 secretum
193 2501 336 2546 circumdare.
372 2501 504 2562 Adspiceret
522 2500 618 2562 populus
638 2499 724 2554 vivum,

56 2565 128 2611 morti
138 2566 243 2616 obviumr
262 2565 350 2614 audiret
356 2572 530 2619 senatusuoces,
538 2564 723 2623 uuaslexaliuuo
