1680 3188
118 118 166 162 206
289 114 486 165 GERMANIA.
506 113 566 165 Car.
577 118 616 161 46.

116 260 198 291 norum
208 245 295 302 inertii,
306 247 414 294 laborant.
447 246 492 294 sed
503 252 526 292 et
537 259 599 291 mare
610 249 747 298 scrutantur,
756 257 782 292 ac

116 311 159 356 soli
180 311 285 357 omnium*
304 313 427 366 succinum,
445 311 506 372 quod
523 311 565 373 ipsi
584 311 673 373 glesum
693 317 781 366 vocant,

114 374 175 421 inter
190 375 247 423 vnde
265 383 333 437 atque
351 377 375 423 in
390 378 439 438 ipso
454 376 520 423 litore
535 377 622 438 legunt.
655 374 716 431 Neo,
732 390 783 437 qna

116 447 205 498 morra,
223 457 303 502 quaeve
320 443 377 488 ratio
393 442 480 503 gignat,
497 447 523 487 ut
539 441 643 496 barbaris,
661 441 782 502 quaesitum

113 513 290 568 compertumve.
322 506 372 554 Diu
383 507 437 566 quin
451 508 519 553 etiam
530 506 589 552 inter
599 513 682 552 caetera
697 507 780 568 eJecta·

114 579 192 619 menta
209 573 277 619 maris
283 572 378 635 jacebat,
390 572 461 619 donec
475 572 564 618 luxuria
574 578 652 618 nostra
662 571 725 618 dedit
740 585 782 618 no·

114 650 182 683 men:
201 638 256 700 ipsis
266 639 289 683 in
303 638 365 683 nullo
376 652 430 684 usu:
451 637 506 683 rude
515 637 607 698 legitur,
617 635 715 683 informe
731 650 782 698 pen

112 699 191 758 fertur,
203 703 344 764 pretiumque
359 703 466 749 mirantes
480 702 598 764 accipiunt.
631 701 730 748 Succum
746 707 781 749 ta·

113 780 168 812 men
184 768 288 814 arborum
306 783 355 814 esse
371 767 493 828 intelligas,
505 768 558 827 quia
572 774 661 813 terrena
677 766 781 827 quedam

112 837 181 891 atque
191 832 259 878 etiam
270 832 370 879 volucria
383 832 487 878 animalia
497 834 628 894 plemmque
639 831 780 887 interlucent,

114 910 167 955 quae
187 898 301 958 implicata
321 898 421 952 humore,
443 911 504 952 mox,
526 897 658 943 durescente
680 893 780 951 materiis

113 959 241 1009 eluduntur.
265 961 405 1009 Fecundiora
415 962 484 1024 igitur
495 976 587 1008 nemora
596 962 712 1022 lucosque,
723 961 781 1008 sicut

113 1023 216 1073 Orientis
226 1028 323 1081 seeretis,
335 1027 372 1073 ubi
386 1029 451 1074 thura
464 1027 606 1088 balsamaque
622 1027 736 1081 sudantur,
747 1026 780 1075 ita

113 1088 245 1139 Occidentis
258 1092 337 1145 insulis
347 1093 456 1152 terrisque
471 1093 551 1147 inesse,
563 1091 708 1138 crediderim:
728 1104 779 1152 quae

113 1155 182 1202 vieini
197 1157 251 1204 solis
262 1157 329 1203 radiis
339 1172 445 1219 expressa
459 1164 526 1218 atque
543 1157 651 1218 liquentia
661 1157 686 1202 in
701 1156 779 1218 proxi-

101 1234 177 1266 .mum
194 1237 256 1268 mare
271 1222 381 1276 labuntur,
397 1237 424 1268 ac
434 1222 457 1269 vi
471 1228 629 1284 tempestatum
644 1222 668 1266 in
686 1221 779 1268 adversa

111 1283 179 1331 litora
196 1287 316 1333 exundant
350 1286 375 1334 si
391 1293 493 1333 naturam
510 1287 595 1333 succini
614 1287 706 1333 admoto
724 1287 778 1347 igne

112 1356 192 1406 tentes,
204 1351 228 1396 in
244 1351 335 1397 modum
346 1351 405 1398 tedae
419 1352 553 1407 accenditur,
564 1353 648 1411 alitque
663 1350 777 1398 flammam

112 1415 220 1477 pinguem
237 1424 260 1463 et
271 1417 383 1473 olentem;
401 1431 462 1471 mox,
474 1425 499 1464 ut
514 1419 538 1463 in
553 1418 626 1478 picem
643 1417 775 1471 resinamve,

110 1479 222 1528 lentescit.
255 1481 375 1528 Suionibus
391 1483 495 1529 Sitonum
514 1491 595 1543 gentes
612 1482 778 1528 continuantur.

113 1541 205 1591 Caetera
215 1546 305 1600 similes,
317 1563 362 1593 uno
378 1546 489 1602 differunt,
501 1547 560 1607 quod
577 1547 661 1593 femina
675 1547 776 1592 domina·

111 1614 161 1654 mr:
181 1611 204 1655 in
221 1618 308 1657 tantum
325 1627 372 1658 non
388 1613 455 1658 modo
470 1628 483 1658 a
497 1612 606 1666 libertate,
623 1612 662 1658 sed
678 1612 747 1658 etiam
762 1623 777 1658 a

110 1674 220 1720 servitute
230 1676 374 1736 degenerant.
408 1676 455 1722 Hic
468 1677 557 1723 Sueviae
567 1677 626 1722 finis.

146 1735 239 1785 XLVI.
256 1739 407 1789 Peucinorum
415 1741 605 1802 Venedorumque
613 1748 637 1787 et
645 1740 776 1788 Fennorum

110 1803 214 1850 nationes
228 1805 350 1852 Germanis
366 1821 395 1852 an
412 1806 520 1854 Sarmatis
536 1807 666 1861 adscribam,
684 1806 776 1862 dubito;

110 1882 245 1931 quamquam
262 1869 363 1925 Peucini,
374 1886 431 1932 quos
445 1872 535 1931 quidam
547 1871 669 1918 Bastarnas
685 1876 775 1924 vocant,

109 1947 218 1989 sermone,
232 1936 300 1990 cultu,
310 1936 362 1982 sede
374 1951 399 1982 ac
407 1937 529 1991 domiciliis,
538 1944 563 1983 ut
573 1937 689 1990 Germani,
698 1941 777 1997 agunt·
795 1948 800 1957 ·

110 1999 194 2046 Sordes
202 2002 309 2056 omnium,
321 2014 348 2048 ac
355 2008 432 2062 torpor
439 2017 569 2063 procerum:
587 2001 705 2047 connubiis
716 2000 775 2045 mix·

109 2065 145 2118 tis,
158 2066 259 2111 nonnihil
270 2068 293 2112 ln
306 2067 457 2113 Sarmatamm
469 2067 567 2113 habitum
577 2065 698 2112 foedantur.
726 2063 775 2110 Ve-

108 2130 160 2175 nedi
172 2130 268 2177 multum
283 2146 312 2178 ex
327 2132 424 2179 moribus
438 2139 561 2179 traxemnt.
594 2129 656 2176 Nam
667 2128 776 2190 quidquid

107 2194 167 2240 inter
179 2194 291 2243 Peucinos
302 2196 437 2258 Fennosque
451 2198 556 2243 silvarum
567 2212 593 2243 ae
608 2195 720 2241 montium
731 2194 775 2239 eri-

108 2259 178 2321 gitur,
194 2261 317 2309 latrociniis
333 2271 456 2323 pererrant.
491 2261 525 2307 Hi
544 2258 620 2308 tamen
634 2262 694 2306 inter
715 2258 776 2306 Ger·

107 2339 188 2371 manos
204 2328 278 2387 potius
296 2327 428 2382 referuntur,
440 2328 491 2388 quia
507 2334 529 2373 et
547 2327 626 2372 domos
642 2324 740 2385 fingunt,
752 2329 776 2369 et

107 2397 172 2436 scuta
182 2398 278 2450 gestant,
290 2399 314 2437 et
324 2393 406 2453 pedum
418 2408 460 2438 usu
474 2407 500 2438 ac
510 2391 643 2453 pernicitate
656 2389 757 2452 gaudent
767 2404 776 2445 ς

108 2469 160 2513 quae
171 2457 246 2501 omnia
262 2456 350 2504 diversa
362 2458 468 2504 Sarmatis
484 2464 543 2512 sunt,
555 2459 578 2502 in
593 2456 693 2516 plaustro
704 2469 775 2514 equo·

106 2533 152 2578 que
167 2520 302 2568 viventibus.
334 2521 418 2568 Fennis
434 2523 490 2568 mira
505 2522 589 2575 feritas,
600 2520 661 2566 ioeda
677 2534 775 2581 pauper·

97 2588 148 2629 tus:
168 2600 217 2633 non
229 2603 301 2646 anna,
310 2605 360 2637 non
370 2589 430 2651 equi,
440 2603 488 2634 non
495 2594 603 2650 penatesa
618 2585 690 2630 cictui
697 2583 774 2637 herba,

88 2649 189 2700 vestitui
204 2656 291 2720 pelles,
306 2656 385 2710 cubile
397 2659 500 2706 humust
519 2653 572 2703 sols
580 2652 612 2698 in
624 2647 717 2711 sugitur
729 2659 791 2705 sqes,
