1680 3188
55 127 114 168 uc.
125 128 160 176 o.
175 122 528 176 <ANNALIUML12XIIL
539 104 644 179 cissa.
694 135 726 178 ss

56 255 114 303 tur?
148 257 270 307 servarem
280 274 335 306 sane
345 265 447 321 receptos
457 260 570 321 gregibus,
581 260 640 306 inter
650 260 725 306 homi·

57 320 220 382 numfamam;
236 325 306 372 ruodo
314 340 343 371 ne
350 326 478 372 vastitatem
486 333 508 371 et
516 325 657 372 solitudinem
667 326 724 371 mal·

56 387 111 442 lent,
122 403 192 448 quam
204 391 289 436 amicos
299 392 399 452 populos
434 386 600 437 Chamavorum
611 391 724 451 quondam

56 465 83 498 ca
94 467 155 508 arsa,
172 468 229 501 mox
244 454 380 510 Tubantum,
397 462 420 502 et
435 463 487 516 post
503 454 633 518 Usipiorum
648 455 725 502 fuisse.

58 515 130 563 Sicuti
142 519 226 566 coelurn
238 520 288 574 diis,
298 521 330 567 ita
340 528 410 568 terras
423 520 501 582 generi
509 520 634 566 mortalium
647 521 721 567 datast

56 596 251 647 quaequevacuae‚
263 600 301 632 eus
308 586 406 647 publicas
417 600 473 632 esse.
509 585 585 631 Solem
597 585 676 631 deinde
687 601 723 632 re·

56 649 164 707 spiciens,
175 656 199 695 et
206 658 290 696 caetera
297 651 368 697 sidem
375 665 465 705 vocans,
474 650 538 710 quasi
545 664 619 695 coram
629 651 724 696 interro·

55 712 131 772 gabat,
143 715 259 762 vellentne
278 716 378 762 contueri
394 716 460 762 inane
472 714 561 761 solum?
578 714 653 775 potius
663 730 726 762 mare

56 776 246 838 superfunderent
256 781 362 828 adversus
373 788 480 827 terrarum
492 787 612 842 ereptores.

91 840 160 889 LVI.
176 842 209 890 Et
221 854 347 892 commotus
366 846 401 891 his
415 845 504 898 Avitus,
521 845 625 905 patienda
642 844 723 890 melio·
768 853 778 876 Ν

59 921 110 952 rurn
126 909 227 968 imperia.
261 909 289 955 Id
307 911 354 964 diis,
371 925 427 970 qnos
442 909 592 971 implorarent,
609 909 724 970 placitum,

57 978 84 1018 ut
95 973 209 1019 arbitrium
222 989 291 1034 penes
307 974 425 1021 Romanos
444 981 551 1029 maneret,
569 974 623 1034 quid
638 975 722 1030 darent,

58 1036 112 1097 quid
123 1037 263 1094 adimerent3
281 1053 353 1100 neque
368 1040 524 1099 aliosjudices,
542 1054 608 1099 quarn
620 1054 644 1085 se
655 1039 723 1101 ipsos,

57 1107 194 1164 paterentur.
229 1101 289 1149 Haec
300 1104 323 1148 in
334 1103 447 1164 publicum
459 1103 720 1166 Ansibariisrespondit:

58 1167 101 1228 ipsi
109 1165 226 1222 Boiocalo,
234 1168 263 1214 ob
271 1169 401 1214 memoriam
412 1168 516 1214 amicitiae
527 1169 629 1214 daturum
641 1184 729 1230 agrosz·

59 1233 120 1292 quod
130 1231 174 1286 ille,
192 1239 218 1278 ut
228 1233 360 1294 proditionis
375 1233 478 1294 pretium,
490 1233 641 1295 adspernatus,
660 1233 723 1279 addi·

59 1297 105 1344 dit:
125 1297 204 1344 deesse
213 1298 276 1344 nobis
287 1305 352 1353 terra,
363 1300 387 1344 in
398 1296 443 1359 qud
450 1298 568 1354 vivamus3
585 1299 609 1342 in
621 1296 665 1358 qui
672 1313 723 1344 mo-

58 1363 148 1416 riamur,
160 1378 207 1408 non
218 1370 306 1424 potest:
326 1370 393 1423 atque
403 1364 440 1418 ita,
452 1363 544 1409 infensis
552 1364 663 1424 utrimque
674 1363 723 1409 ani·

58 1427 108 1482 mis,
120 1427 252 1474 discessum.
276 1426 312 1474 Illi
325 1427 454 1484 Bructeros,
463 1427 595 1482 Tencteros,
607 1428 724 1474 ulteriores

57 1493 126 1539 etiam
137 1491 247 1547 natione's,
259 1493 330 1540 socias
340 1494 398 1540 bello
408 1494 523 1540 vocabant.
538 1493 629 1550 Avitus,
641 1493 723 1555 scripto

56 1558 85 1605 ad
97 1556 219 1606 Curtilium
231 1557 353 1614 Manciam,
365 1559 484 1620 superioris
495 1558 605 1605 exercitiis
616 1559 723 1621 legatum,

57 1629 90 1677 ut,
102 1622 210 1669 Rhenum
226 1630 385 1686 transgressus,
405 1639 466 1670 arma
480 1639 493 1670 a
504 1631 568 1685 tergo
580 1624 723 1680 ostenderet3

57 1687 106 1751 ipse
116 1688 220 1750 legiones
230 1690 254 1734 in
265 1704 344 1750 agrurn
352 1688 488 1736 Tencterum
497 1689 590 1744 induxit,
599 1689 723 1734 exscidium

57 1754 174 1807 minitans,
185 1753 228 1800 nisi
239 1769 328 1801 causam
340 1769 401 1802 suam
414 1754 563 1800 dissociarent
597 1752 671 1815 Igitur
683 1754 736 1799 abv

56 1818 187 1865 sistentibus
198 1818 241 1877 his,
252 1819 299 1881 pari
307 1826 369 1866 metu
378 1820 477 1866 exterriti
483 1818 593 1874 Bructeri,
605 1827 628 1864 et
636 1818 723 1864 caeteris

58 1897 149 1945 quoque
160 1882 232 1930 aliena
241 1884 339 1944 pericula
345 1884 520 1938 defendentibus,
532 1884 579 1930 sola
590 1882 721 1930 Ansibario·
810 1911 814 1919 -

57 1963 109 1995 rum
128 1962 187 2009 gens
202 1955 262 1995 retro
278 1949 305 1995 ad
323 1948 415 2011 Usipios
430 1957 454 1995 et
464 1947 580 1995 Tubantes
595 1947 719 1994 concessit:
755 1996 760 2010 Ι

57 2028 155 2074 quorum
172 2014 237 2060 terris
254 2014 333 2069 exacti,
352 2029 403 2060 cum
422 2011 508 2068 Cattos,
526 2013 578 2060 dein
596 2010 723 2060 Cheruscos

57 2078 175 2140 petissent,
194 2092 269 2125 errore
283 2078 359 2140 longo,
377 2080 482 2140 hospites,
503 2078 575 2139 egeni,
595 2078 678 2131 hostes,
696 2077 720 2122 in

58 2143 139 2197 alieno,
151 2144 212 2203 quod
218 2145 345 2206 juventutis
355 2150 409 2198 erat,
418 2143 546 2189 caeduntur:
566 2141 660 2188 imbellis
667 2147 722 2188 aetas

57 2207 81 2255 in
92 2208 194 2270 praedam
206 2208 277 2254 divisa
288 2215 328 2254 est

89 2270 173 2318 LVII.
192 2271 279 2318 Eidem
295 2279 379 2328 aestate,
399 2274 458 2319 inter
474 2271 647 2319 Hermunduros
665 2267 720 2318 cat-

56 2343 139 2398 tosque
151 2344 259 2383 certatum
271 2353 354 2398 magno
364 2337 451 2399 proelio,
460 2337 511 2383 dum
521 2336 610 2391 flumen,
622 2336 720 2397 gignen-

57 2402 86 2448 do
98 2402 145 2448 sale
156 2401 277 2448 fecundum
288 2409 312 2448 et
322 2403 492 2458 conterminum,
504 2403 526 2448 vi
538 2403 642 2457 trahunt;
655 2414 721 2461 super

57 2466 173 2513 libidinem
184 2474 266 2514 cuncta
281 2468 347 2514 annis
365 2468 452 2530 agendi,
472 2467 580 2528 religione
591 2463 664 2520 insiti,
681 2479 721 2511 eos

55 2533 157 2578 maxime
172 2531 235 2579 locos
250 2533 398 2594 propinquare
413 2533 478 2588 coelo,
497 2534 618 2592 ptecesque
637 2536 722 2577 morta-

53 2596 111 2642 lium
127 2611 141 2642 a
156 2597 204 2642 deis
218 2612 328 2658 nusquam
348 2599 443 2663 propius
461 2597 549 2647 audiri·¹
572 2596 638 2652 inde,
652 2594 733 2642 indut-

28 2657 124 2718 ‚feon'd
140 2661 269 2720 numinum,
288 2665 328 2714 illo
346 2667 374 2717 in
385 2683 459 2718 amne
474 2666 573 2733 illisque
590 2663 661 2714 diluis
676 2661 755 2708 suess
