1680 3188
86 127 188 170 scas.
219 120 414 173 ausurum
431 120 671 199 nannenus
728 132 760 177 ss

85 256 127 305 sed
140 256 258 319 psojoetos
275 256 299 303 in
321 256 422 312 humum,
439 262 464 304 et
480 261 545 304 veste
561 254 634 304 multi
648 258 760 321 gravique

84 331 178 384 opertos
189 328 265 368 necat.
298 320 351 368 Filii
359 336 450 383 quoque
460 321 606 379 Mithridatis,
615 324 677 384 quod
687 325 758 372 caedi·

84 388 128 435 hus
135 394 256 448 pmentum
267 387 471 447 illacrymaverani,
483 388 588 434 trucidati
599 395 660 436 nint.

117 450 244 498 XLVIII.
264 451 299 498 At
319 450 454 507 Quadratus,
477 466 619 514 cognoscens
643 454 757 515 proditum

84 515 245 572 Mithridaten,
263 523 288 563 et
297 530 399 578 'regnum
415 517 443 563 ab
457 517 637 565 interfectoribus
654 519 758 576 obtineri,

83 590 153 630 vocet
163 582 290 638 eonsssium,
311 582 377 628 docet
387 589 443 636 acta,
456 589 485 636 et,
497 597 526 629 an
537 583 689 639 ulcisceretur,
700 599 756 633 con·

84 648 163 694 sultat
198 646 282 695 Paucis
300 647 368 693 decus
384 646 496 708 publicum
516 662 590 694 curae:
610 649 686 709 plures
707 657 758 698 tuta

84 713 212 761 disserunt:
227 710 305 759 Omne
312 711 385 759 scelus
392 719 511 758 externum
523 727 574 759 cum
582 711 663 760 laetitid
672 715 758 762 hahen-

85 779 154 824 dum:
175 777 263 824 semina
272 776 340 824 etiam
352 777 454 824 odiorum
460 777 571 840 jacienda,
583 784 609 824 ut
623 793 684 841 saepc
694 780 757 842 prin·

84 845 146 904 cipes
157 842 258 889 Romani
270 842 371 889 eamdem
383 841 524 898 Armeniam,
537 843 611 904 specie
622 844 756 906 largitionis,

84 909 201 955 turbandis
210 908 355 955 barbarorum
367 907 447 954 animis
463 907 607 969 praehuerint}
641 909 757 957 Potiretur

84 972 249 1020 Rhadamistus
271 973 330 1020 male
351 972 428 1035 partis,
451 971 504 1019 dum
526 973 621 1029 invisus,
647 975 753 1023 infamis:
817 1002 822 1013 ι

85 1039 175 1099 quando
186 1039 210 1085 id
220 1039 295 1100 magis
305 1053 335 1085 ex
345 1053 394 1091 usu,
406 1052 473 1099 quam
486 1037 505 1085 si
516 1053 567 1084 cum
578 1036 652 1102 gloriis
663 1041 767 1103 adeptus*

83 1103 149 1151 foret.
184 1101 213 1150 In
224 1105 283 1150 harre
294 1104 429 1150 seutentiam
439 1103 505 1150 itum.
537 1103 577 1150 Ne
591 1111 667 1152 tamen
682 1119 755 1152 annu·

85 1170 129 1216 isse
140 1168 235 1216 facinori
246 1169 384 1224 viderentur,
394 1175 419 1215 et
429 1168 518 1215 diverse
529 1166 609 1217 Caesar
614 1170 754 1232 praeciperet,

84 1235 147 1281 missi
157 1235 187 1281 ad
198 1233 367 1282 Pharasmanen
379 1233 459 1289 nuntii,
473 1241 497 1280 ut
508 1234 637 1281 abscederet
648 1249 661 1280 a
671 1233 754 1282 finibus

84 1299 207 1353 Armeniis,
218 1297 335 1361 filiumque
346 1300 489 1346 abstraheret

117 1363 214 1411 XLIX.
231 1364 290 1412 Erat
306 1363 456 1426 Cappadociae
469 1370 602 1425 procurator
616 1362 692 1412 Julius
707 1363 753 1411 Pe·

72 1463 73 1467 ,
84 1430 167 1492 lignus,
180 1430 258 1492 ignavi
270 1430 346 1485 animi,
357 1436 381 1476 et
391 1429 513 1476 deridiculo
522 1429 622 1492 corporis
635 1430 704 1492 juxta
713 1429 753 1476 de·

84 1497 229 1559 spiciendus3
242 1495 282 1542 sed
289 1493 385 1556 Claudio
395 1509 503 1557 perquam
511 1494 633 1552 familiaris,
644 1509 696 1541 cum
706 1495 754 1558 pri·

84 1568 152 1608 vatus
162 1561 216 1608 olim
229 1561 401 1607 conversatione
412 1575 538 1606 scurrarum
555 1561 615 1606 iners
630 1561 700 1607 otium
713 1562 753 1608 oh'-

85 1627 186 1674 lectaoet.
220 1623 252 1680 Is,
269 1625 357 1671 auxiliis
373 1625 543 1687 provincialium
554 1628 682 1681 contractis,
694 1633 753 1673 tam-

83 1707 150 1753 quam
166 1697 339 1753 recuperaturus
355 1690 494 1744 Amanium,
512 1691 565 1737 dum
582 1692 656 1738 socios
673 1692 753 1754 magis,

83 1772 149 1819 quam
158 1757 236 1803 hostes
247 1755 366 1818 praedatur,
378 1756 482 1802 abscessu
494 1771 592 1811 suorum,
605 1763 628 1803 et
635 1757 753 1803 incursan-

82 1823 142 1870 tibus
149 1821 255 1876 harbaris,
264 1820 363 1884 praesidii
371 1836 448 1882 egens,
458 1821 487 1867 ad
495 1820 667 1868 Rhadamistum
676 1821 749 1868 venit:

82 1888 194 1947 donisque
203 1888 253 1950 eJus
264 1887 357 1941 evictus,
376 1886 435 1932 ultro
451 1887 539 1948 regium
559 1887 649 1949 insigne
664 1890 753 1933 suniere

80 1953 220 2010 cohortatur,
229 1951 373 2012 sumentique
379 1951 443 1998 adest
451 1959 529 1998 auctor
537 1957 560 1998 et
569 1952 665 1999 satelles.
683 1951 753 2006 Quod

80 2019 118 2066 uhi
128 2018 188 2079 turpi
198 2016 261 2064 samri
271 2017 420 2078 divulgatum
437 2032 467 2062 ne
477 2018 553 2063 caeteri
564 2031 654 2077 quoque
664 2031 693 2062 ex
705 2016 751 2064 Pe·

78 2085 144 2146 ligna
156 2084 344 2145 conjectarentur,
353 2078 476 2129 Helvidius
484 2081 584 2136 Priscus,
595 2082 690 2144 legatus,
699 2088 752 2128 cuui

79 2149 172 2210 legione
182 2149 287 2202 mittitur,
299 2147 365 2193 rebus
376 2147 470 2193 turbidis
485 2163 526 2208 pro
543 2153 643 2208 tempore
655 2154 680 2192 ut
696 2161 751 2193 con-

79 2214 173 2262 suleret.
205 2210 282 2275 igitur
292 2226 386 2274 propere
397 2222 497 2258 montem
509 2210 610 2258 Taurum
622 2219 750 2273 nausgres·

79 2294 126 2332 sus,
138 2277 295 2324 moderatione
304 2277 375 2339 plura,
386 2291 453 2337 quam
467 2277 497 2330 vi,
509 2284 680 2338 composuerat;
698 2292 750 2322 curn

79 2344 154 2391 redire
169 2344 193 2389 in
213 2343 302 2405 Syriam
317 2343 416 2405 jubetur,
434 2357 463 2388 ne
478 2341 566 2388 initium
577 2341 629 2386 belli
644 2341 752 2388 adversus

74 2408 176 2454 Parthos
185 2410 313 2456 exsisteret.

96 2470 127 2514 L.
145 2469 209 2515 Nam
225 2471 365 2538 Vologeses,
385 2493 470 2528 casum
485 2475 634 2528 invadenda
653 2470 783 2524 ameum

52 2529 176 2577 ⁰⁶⁹⁰¹¹¹¹⁸³⁸
192 2542 265 2594 ¹⁸²⁰&
283 2557 395 2603 quma
412 2549 554 2616 maJoribus
573 2545 629 2596 suis
640 2550 799 2610 possessam,

39 2596 153 2638 ‘mmm'
163 2611 211 2674 'P‘
225 2600 328 2668 flagitio
342 2614 485 2680 obtineret,
500 2612 744 2678 contramtcop‘ras,
758 2601 815 2650 'iffi'

28 2652 139 2712 miquo
151 2656 284 2722 deaten
295 2675 436 2738 deducere
451 2689 479 2740 in
493 2702 620 2760 regnum
630 2689 722 2756 parata
729 2688 770 2727 Ν
781 2677 828 2728 Ψ
