1680 3188
171 446 188 490 2
253 438 448 490 ANNALIUM
459 439 512 488 Ina.
522 437 584 488 XII.
595 438 655 490 Cae.
664 444 688 490 4.
721 445 751 485 U.
759 443 784 484 c.
792 448 830 486 aaa

171 571 330 620 Britannicum
353 577 377 618 et
396 569 524 628 Octaviam,
545 571 649 634 proxima
671 573 717 620 suis
735 572 830 636 pignora

172 635 281 686 Callistus
297 638 445 698 improbatam
464 637 535 698 longo
553 637 702 694 dissidioso,
722 640 741 684 si
760 634 830 686 rursni

170 709 329 758 assumeretur,
352 704 382 751 eo‘
396 701 447 764 ipso
466 702 599 764 superbam:
625 703 739 766 longeque
755 704 830 751 rectinr

171 765 269 814 Lolliam
280 767 364 822 induti,
381 766 470 828 quando
481 767 556 813 nullos
567 767 649 815 liberos
660 769 783 831 genuisset,
795 784 831 815 va·

169 847 236 879 cnam
251 833 403 889 aemulatione,
422 839 445 879 et
462 832 573 894 privignis
591 834 691 895 parentis
706 834 758 880 loco
776 832 830 881 futu

168 912 224 944 ram.
258 898 293 944 At
305 897 379 944 Pallas
396 897 419 944 id
437 897 536 943 maxime
554 899 577 944 in
597 896 725 961 Agrippini
738 899 830 947 laudare

169 963 229 1025 quod
251 962 381 1010 Germanici
401 968 506 1024 nepotem
526 977 603 1009 secum
618 965 723 1019 traheret,
740 964 830 1026 dignun

167 1044 260 1091 prorsum
277 1025 420 1090 imperatorii
430 1025 527 1083 fortuni,
547 1029 639 1090 stirpem
651 1029 756 1085 nobilem,
768 1036 791 1076 et
801 1029 830 1076 fa·

168 1095 238 1142 miliae
250 1091 353 1143 Claudiae
364 1108 415 1155 quae
425 1099 528 1156 posteros
538 1094 686 1156 conjungeret
692 1111 701 1152 ;
712 1109 742 1141 ne
752 1094 830 1142 femina

168 1167 269 1222 expertae
285 1158 436 1212 fecunditatis,
455 1156 546 1221 integri
558 1158 661 1220 juventi,
680 1159 830 1207 claritudinem

170 1223 289 1274 Caesarum
301 1225 366 1273 aliam
379 1225 402 1270 in
411 1224 503 1270 domum
514 1223 589 1270 ferret.

202 1288 250 1336 111.
263 1287 407 1337 Praevaluere
417 1290 474 1343 baec,
486 1290 561 1352 adjuta
572 1288 707 1352 Agrippinae
718 1290 830 1346 illecebris

168 1371 227 1416 quae,
247 1357 275 1402 all
297 1371 355 1410 enm,
378 1371 418 1416 per
437 1355 534 1417 speciem
553 1356 733 1412 necessitudinis,
756 1357 830 1402 crebre

166 1421 307 1474 ventitando,
324 1420 408 1481 pellicit
426 1427 539 1482 patruum,
556 1427 582 1466 ut
595 1421 688 1482 praelata
698 1421 793 1474 caeteris,
811 1430 830 1467 et

168 1486 270 1533 nondum
282 1500 346 1540 uxor,
363 1483 464 1546 potentii
474 1484 555 1532 uxorii
560 1486 609 1549 jam
621 1492 728 1532 uteretur.
761 1484 830 1539 Nam,

167 1552 204 1598 nbi
216 1551 251 1598 sui
271 1550 405 1597 matrimonii
425 1555 487 1597 certa
503 1550 553 1606 init,
573 1558 660 1598 struere
671 1551 761 1615 majora,
773 1566 830 1612 nups

165 1618 253 1677 tiasque
270 1615 375 1670 Domitii,
393 1630 460 1676 quem
476 1630 505 1662 ex
517 1614 562 1663 Cn.
572 1615 704 1663 AEnobarbo
714 1623 830 1678 genuerat,

166 1690 190 1729 et
201 1682 312 1736 Octaviae,
325 1679 424 1729 Caesaris
434 1679 494 1736 filie,
505 1681 594 1727 moliri:
613 1681 674 1741 quod
685 1681 735 1726 sine
745 1681 830 1728 scelere

165 1746 289 1810 perpetrari
307 1760 354 1792 non
372 1752 467 1807 poterat,
486 1745 539 1806 quia
554 1743 582 1791 L.
593 1745 670 1792 Silano
681 1745 830 1806 desponderet

165 1811 284 1860 Octaviam
299 1809 383 1865 Caesar,
391 1812 545 1872 juvenemque
555 1817 579 1857 et
588 1811 632 1858 alia
641 1811 734 1865 clarum,
746 1811 830 1874 insigni

163 1877 332 1938 triumphalium
351 1883 374 1923 et
393 1875 517 1937 gladiatorii
539 1877 638 1922 muneris
655 1874 830 1938 magnificentii,

165 1941 289 2004 protulerat
304 1942 332 1988 ad
349 1941 422 1988 studia
432 1941 504 2002 vulgi.
538 1940 582 1986 Sed
594 1941 649 1987 nibil
660 1941 754 1986 arduum
765 1941 830 1988 vide·

162 2009 229 2054 batur
247 2007 271 2052 in
290 2008 366 2053 animo
384 2006 497 2067 principis,
525 2007 562 2052 cui
580 2021 626 2052 non
643 2005 761 2069 Judicium
784 2010 830 2053 non

164 2073 241 2120 odiur'n
253 2079 306 2127 erat,
319 2072 362 2118 nisi
372 2070 443 2117 indita
453 2079 476 2118 et
482 2071 554 2132 jussa.
807 2079 810 2084 ·

171 2194 173 2199 Ι
196 2136 241 2184 IV.
258 2135 334 2199 Igitur
342 2136 457 2193 Wtellius,
468 2137 561 2182 nomine
571 2135 671 2183 censoris
682 2135 776 2182 serviles
785 2132 830 2184 sal·

161 2202 231 2250 iacias
242 2202 358 2264 obtegens,
370 2199 568 2262 ingruentiumque
582 2200 760 2248 dominationum
774 2215 828 2263 pro·

161 2269 230 2321 visor,
243 2283 287 2328 quo
298 2267 394 2328 gratiam
411 2264 546 2327 Agrippime
561 2272 656 2328 pararet,
669 2264 769 2313 consiliis
780 2267 829 2331 ejus

162 2332 279 2394 implicari,
291 2347 365 2378 serere
373 2330 467 2378 crimina
477 2330 501 2376 in
514 2329 621 2386 Silanum,
633 2329 671 2376 cui
682 2344 736 2376 sane
747 2330 829 2381 decors

61 2388 64 2403 '
162 2403 186 2444 et
203 2411 288 2460 procax
298 2412 369 2452 soror,
387 2394 457 2455 Junia
474 2393 576 2452 Calvina,
596 2394 656 2442 band
666 2394 764 2441 multum
776 2403 829 2444 ante

161 2460 250 2512 Vitellii
268 2477 339 2508 nurus
357 2459 437 2508 luerat.
469 2458 534 2507 Hinc
551 2460 640 2506 initium
659 2461 825 2511 accusationis:

156 2526 300 2587 fratrumque
308 2541 354 2572 non
365 2527 483 2581 incestum,
503 2525 543 2572 sed
554 2524 715 2572 incustoditum
726 2540 827 2574 amorem

160 2592 189 2640 ad
200 2591 313 2639 infamiam
325 2591 406 2637 traxit:
426 2598 449 2638 et
460 2591 573 2654 praebebat
583 2589 663 2639 Caesar
673 2606 745 2646 aures,
766 2592 827 2639 acci·

158 2657 246 2720 piendis
258 2657 376 2704 aduersum
388 2671 497 2719 generum
517 2657 680 2718 suspicionibus
694 2656 787 2704 caritate
798 2657 826 2704 fl-

61 2750 64 2754 ·
151 2723 194 2767 11⁴oe
207 2723 331 2782 promtior.
362 2721 398 2768 At
417 2720 515 2778 Silanus,
534 2720 665 2769 insidiarum
684 2721 782 2778 nescius,
799 2737 826 2770 ac

135 2782 202 2828 torte
219 2801 250 2832 eo
260 2801 326 2834 anno
334 2795 431 2852 praetor,
451 2794 547 2854 repente
563 2803 605 2853 per
623 2787 723 2836 edictum
738 2785 830 2833 vitum

122 2844 212 2891 01d1'12e
229 2854 353 2902 senatorio
370 2864 495 2916 movetur,
514 2870 659 2922 quamquam
673 2853 738 2900 lecto
752 2850 830 2912 naides

48 2932 54 3033 -l
106 2912 363 2984 concludunturque
380 2925 494 2977 condito.
530 2923 617 2978 Simul
625 2919 771 2973 adiuuem
780 2912 830 2962 Vult*
