1680 3188
171 110 197 160 J.
208 107 395 160 AGRICOLAE
406 109 503 158 VITA?
520 108 580 160 Cu.
589 112 627 158 at.
684 114 731 159 225

68 241 153 288 bellom
170 241 329 303 impelleretur,
349 256 375 288 oc
394 257 453 304 saepe
471 241 549 288 iisdem
568 240 646 287 castris
664 239 731 300 pedes

68 321 192 367 equesque,
206 313 229 352 et
244 306 347 352 nauticus
360 307 432 361 miles,
446 307 512 352 mixti
527 306 597 367 copiis
609 313 633 352 et
647 302 731 357 laeurit,

69 385 111 417 sua
125 370 219 430 quisque
234 369 300 424 facta,
318 384 371 417 suos
385 386 449 417 casus
462 369 603 426 attollerent,
622 384 653 415 ao·
664 369 731 415 modo

69 435 177 481 silvarum
188 442 212 480 et
222 435 331 481 montium
339 435 453 496 profunda,
465 434 532 481 modo
541 440 696 495 tempestatum
705 448 731 480 ac

69 498 180 545 fluctuum
196 498 294 553 adversa,
311 499 363 545 hine
379 506 438 546 terra
453 505 477 545 et
492 500 569 553 hostis,
585 499 637 544 hinc
652 504 731 544 auctus

70 562 183 618 Oceanus,
191 562 395 624 militarijactantiti
402 572 588 624 compararentur.
609 561 732 608 Britannos

69 643 168 689 quoque,
184 634 210 673 ut
223 642 253 673 ex
263 628 355 688 captivis
365 628 500 681 audiebatur,
510 629 558 674 visa
568 628 644 673 classis
655 627 730 673 obstu-

69 691 199 753 petaeiemr,
213 698 333 751 tamquam,
348 701 423 754 sperto
438 693 505 739 maris
519 692 554 738 sui
569 698 661 745 secreto,
678 691 730 737 ulti·

69 771 132 802 mum
149 757 215 802 victis
233 755 359 818 perfugium
378 756 523 803 clauderetur.
555 756 593 802 Ad
611 770 690 802 manus
708 761 732 803 et

69 836 133 868 arma
146 821 250 867 conversi
263 819 407 869 Caledoniam
420 821 544 867 incolentes
558 821 640 881 populi,
654 827 731 881 pnratu

69 900 161 947 magno,
173 886 257 948 majore
267 883 333 938 sami,
348 886 380 931 uti
391 900 441 931 mos
452 892 486 931 eat
497 885 525 930 de
538 885 629 945 ignotis,
643 898 730 945 oppug-

71 949 138 996 misse
153 950 218 1005 ultro,
234 949 324 995 castella
338 949 416 1002 adorti,
433 957 524 1000 metum,
539 957 565 994 ut
578 956 732 1010 provocantes,

69 1014 210 1061 addiderant:
227 1013 441 1074 regrediendumque
447 1014 503 1059 citra
510 1012 648 1066 Bodotriam,
659 1021 682 1058 et
690 1027 730 1058 ex·

69 1078 193 1126 cedendum
199 1078 354 1140 potiusquam
362 1077 502 1140 pellerentur,
511 1077 583 1138 specie
590 1076 730 1138 prudentium

68 1143 146 1204 ignavi
161 1142 322 1189 admonebant:
344 1157 395 1189 cum
411 1142 500 1189 interim
517 1141 639 1203 cognoscit,
655 1142 731 1187 hostes

68 1207 169 1268 pluribus
191 1206 317 1268 agminibus
335 1207 465 1267 irrupturos.
501 1206 544 1260 Ac,
567 1220 596 1251 ne
614 1213 732 1265 superante

69 1286 164 1319 numero
175 1279 198 1316 et
208 1268 287 1332 peritii
294 1270 395 1316 locorum
403 1270 562 1325 circumiretur,
574 1269 645 1315 diviso
653 1269 731 1331 etipse

69 1336 94 1383 in
104 1344 151 1382 tres
161 1341 236 1395 partes
247 1334 346 1381 exercitu
356 1335 454 1380 incessit.

102 1397 200 1444 XXVI.
218 1395 287 1452 Quod
297 1398 334 1444 ubi
344 1399 459 1460 cognitum
469 1398 535 1454 hosti,
547 1404 633 1445 mutato
640 1403 731 1459 repente

70 1463 171 1519 consilio,
186 1463 284 1509 universi
296 1476 377 1509 nonam
387 1462 506 1525 legionem,
522 1470 548 1509 ut
558 1463 655 1510 maxime
665 1463 730 1508 inva-

68 1529 144 1584 lidnm,
156 1533 223 1574 nocte
230 1528 340 1589 aggressi,
350 1527 409 1573 inter
416 1541 520 1574 somnum
528 1542 554 1574 ac
562 1526 730 1587 trepidationem

69 1593 135 1640 caesis
153 1592 264 1652 vigilibus,
284 1587 389 1652 irrupere.
423 1590 520 1652 Jamque
537 1592 561 1638 in
579 1592 634 1652 ipsis
652 1591 731 1638 cmtris

69 1657 206 1719 pugnabunt,
216 1671 268 1702 eum
280 1655 393 1718 Agricola,
405 1656 448 1702 iter
458 1656 555 1703 hostium
566 1657 594 1704 nb
604 1655 730 1717 explorato·

69 1723 130 1768 ribus
151 1720 250 1774 e'doctus,
273 1728 297 1766 et
317 1721 419 1782 vestigiis
440 1722 560 1775 insecutus,
579 1720 731 1767 velocissimos

69 1786 169 1846 equitum
180 1785 322 1846 peditumque
331 1787 440 1832 assultare
450 1785 520 1847 tergis
533 1785 680 1848 pugnantium
690 1785 730 1847 jis·

59 1851 114 1904 bet,
127 1865 181 1896 mox
191 1851 218 1897 nb
229 1849 338 1896 universis
349 1849 413 1911 adjici
424 1849 556 1897 clamoremr
576 1856 599 1896 et
608 1845 731 1910 propinqui

67 1914 120 1961 luce
130 1911 213 1960 fulsire
223 1915 300 1975 signa:
320 1915 352 1961 ita
360 1915 451 1976 ancipiti
461 1913 520 1961 malo
530 1914 601 1961 territi
611 1912 730 1969 Britanni;

69 1978 219 2027 estromenta
235 1978 292 2024 redit
307 1979 400 2034 animus,
416 1993 452 2034 ac,
468 1979 540 2025 securi
554 1978 582 2024 de
596 1977 673 2031 salute,
690 1992 730 2038 pro

68 2040 144 2105 glorid
154 2043 274 2090 certabant.
308 2041 376 2089 Ultro
386 2043 440 2103 quin
452 2043 518 2088 etiam
529 2039 635 2103 erupdrer
654 2048 677 2087 et
687 2040 731 2087 fuit

68 2115 135 2154 atrox
153 2109 176 2153 in
195 2108 248 2169 ipsis
266 2114 379 2168 portarum
397 2106 507 2168 angustiis
527 2106 638 2169 proelium,
659 2105 731 2151 donec

67 2171 126 2232 pulsi
137 2171 227 2229 hostes3
242 2179 335 2231 utroque
342 2171 441 2221 exercitu
449 2178 554 2226 certante,
565 2171 607 2223 liis,
618 2175 644 2216 ut
651 2169 730 2215 tulisse

68 2250 142 2296 opem,
161 2235 212 2289 illis,
232 2250 260 2281 ne
279 2235 367 2296 eguisse
385 2234 468 2281 auxilio
487 2235 621 2281 viderentur.
661 2233 729 2287 Quod

67 2300 111 2410 iqpqi
123 2299 214 2410 peltqdep
220 2299 327 2410 setrestiluee
340 2298 453 2360 fugientes
467 2301 582 2353 texissent,
596 2297 729 2344 debellatum
763 2340 766 2345 .

116 2379 152 2409 vic
178 2379 211 2409 na
229 2380 243 2410 o

101 2425 213 2474 XXVII.
238 2424 309 2488 Cujus
327 2426 452 2474 constantii
467 2444 493 2475 nc
509 2426 569 2475 fami
583 2426 647 2474 ferox
663 2439 729 2472 exer·

66 2494 132 2546 citus,
149 2491 204 2539 nibil
217 2492 293 2537 virtuti
307 2507 354 2538 suae
369 2492 468 2543 invium:
490 2492 648 2554 penetrandam
661 2487 728 2538 Cale·

64 2556 164 2609 doniam,
171 2554 372 2617 inveniendumque
379 2557 469 2603 tandem
476 2556 600 2605 Britnnniae
607 2555 729 2602 terminum

56 2620 168 2673 wntt'two
186 2620 324 2685 proeliorum
344 2637 421 2682 cursil,
441 2621 590 2672 irenre‘oant·¹
613 2626 687 2677 utrum
698 2615 751 2666 'liu
