1680 3188
54 120 168 174 vnouo.
198 80 200 85 ⁵
234 118 573 171 mxvunuunmum.
685 125 730 172 m

69 253 183 304 edidisset·
215 249 284 299 Illum
300 259 364 300 tanto
381 252 535 299 inclementius
552 266 612 299 nuno
629 249 731 310 ferocire,

66 318 131 382 qnod
141 331 200 364 unus
207 333 224 363 e
233 316 348 366 Caesarum
360 319 426 364 domo
436 326 555 379 superstes,
563 331 606 364 nec
616 317 730 381 aemulum,

68 398 112 431 neo
128 381 225 430 ultorem
236 383 321 430 timent.
353 383 398 430 Sed
409 383 521 430 neminem
532 382 569 429 diu
580 382 663 430 rimare
679 397 728 430 om·

68 448 137 495 nibus
150 445 271 494 infensum.
302 447 355 496 Jam
370 448 477 494 orientem
493 447 587 495 turbari:
606 446 729 495 Britannos

67 511 167 560 lacerum
176 512 287 558 movisse:
305 512 407 572 legiones
417 511 520 558 affectum
531 526 626 558 extrem:
645 513 727 574 maJes·

67 582 139 624 tatem
166 576 245 637 ipsam,
266 577 388 622 maximum
412 577 536 638 principum
557 576 728 632 munimentum,

68 639 163 688 Neroni
173 639 273 686 odiosam
283 655 339 686 esse.
372 640 409 693 Se,
420 646 491 687 semet
504 639 587 686 vidisse
599 646 727 701 portentum

67 704 132 762 illud,
144 703 236 766 flagitiis
250 704 441 759 commaculatum,
451 705 475 749 in
490 710 616 765 stuprorum
627 710 650 750 et
664 706 727 753 thea-

66 775 156 817 trorum
173 768 281 830 propudin
301 768 429 822 resolutum,
447 768 561 814 citharoedi
578 767 650 830 glorid
667 770 727 816 insa·

66 849 123 883 num
135 833 203 881 simul
212 839 236 880 et
245 833 370 894 indignum·
401 830 449 880 Cur
459 847 514 894 ergo
525 830 629 886 Caesaris,
641 832 728 881 Princi-

65 899 110 962 pis,
122 897 146 945 Δ
207 898 224 944 ti
238 897 315 951 titulis,
329 911 385 957 quos
395 897 459 943 dirus
474 897 593 958 Augustus
603 898 728 956 uirtutibus,

67 963 136 1013 divus
147 912 264 1010 ιἕίῗιῧιιᾱίιιε
284 960 396 1008 beneficiis
414 968 467 1007 sunt
485 961 604 1015 consecuti,
623 960 728 1010 infamem

68 1027 245 1075 Ahenobarbum
260 1025 450 1073 condecorarenti’
466 1031 573 1072 vocarent
586 1025 649 1072 illum
662 1025 728 1088 Thy·

66 1099 140 1146 asten,
153 1091 269 1154 OEdipum,
278 1091 440 1144 Alcmaeonern,
451 1089 554 1146 Ore‘sten,
563 1091 667 1150 quoniam
677 1106 728 1153 pnr-

66 1156 204 1207 rlcidialibus
222 1163 244 1205 et
261 1155 352 1201 incestis
369 1154 495 1200 nominibus
511 1154 649 1215 gloriaretur.
680 1155 729 1203 Ec·

67 1221 124 1297 quid
139 1220 163 1267 in
181 1220 247 1282 hujus
262 1219 405 1294 veneratione
420 1225 595 1294 perqererarent,
609 1221 650 1294 ¹qui
668 1219 730 1268 nullu

66 1283 616 1410 inditiilidttfflitpiii
626 1284 730 1410 ltili

67 1413 124 1461 olim
141 1411 240 1461 Romam
257 1411 404 1474 expugnasse.
435 1409 464 1458 ld
474 1411 564 1472 quidem
579 1411 603 1457 in
613 1411 655 1458 bac
670 1419 729 1459 tem·

67 1492 149 1542 porum
167 1476 344 1524 barbariefuisse
359 1477 482 1539 egregium.
515 1477 549 1523 At
562 1490 629 1531 nunc,
640 1477 676 1524 ubi
694 1478 729 1524 vi·

64 1550 126 1605 gent
137 1542 281 1588 humanitatis
291 1542 424 1602 honorisque
434 1541 513 1596 studia,
525 1554 593 1602 penes
608 1541 669 1604 ipsos
679 1556 729 1590 esse

68 1607 169 1654 melioris
184 1614 209 1653 et
222 1605 353 1652 immortalis
368 1606 464 1651 nominis
473 1606 576 1668 glorium.
607 1605 662 1653 Orbi
678 1621 729 1654 suc-

67 1677 200 1719 currerent:
219 1685 244 1717 se
258 1669 398 1730 Romamque
414 1670 437 1715 in
447 1670 570 1716 libertatem
586 1670 732 1719 vindicarent.

68 1734 108 1784 Eo
124 1743 218 1783 ventum
234 1750 290 1790 esse,
307 1750 351 1796 quo
369 1740 457 1781 caeterae
472 1742 559 1796 gentes,
575 1735 639 1784 malis
655 1737 728 1793 victua

68 1800 130 1847 istud
142 1801 219 1847 decus
241 1801 341 1846 certatim
363 1797 439 1846 forent
458 1799 600 1857 affecmtnrae,
633 1798 729 1864 lucoepti

68 1865 159 1913 laudem
171 1865 211 1911 sibi
221 1865 310 1926 praeripi
321 1879 349 1910 ne
359 1865 464 1910 sinerent

69 1964 72 1969 -
103 1927 206 1992 [Magno
221 1928 311 1975 fremitu
325 1936 348 1976 et
362 1930 441 1991 plausu
453 1936 545 1990 excepta
560 1929 637 1976 oratio.
669 1928 729 1976 Mox

69 2008 122 2043 suas
133 1995 157 2040 in
168 1995 269 2041 civitates
279 1995 372 2054 quisque
385 1993 468 2040 alacres
479 1992 605 2048 discessere,
617 2000 728 2040 strenuum

69 2065 227 2121 promtumque
242 2074 332 2121 operum
353 2058 451 2119 polliciti.
484 2057 576 2104 Vindex
597 2065 670 2103 autem
686 2072 730 2104 no·

70 2139 112 2171 vus
128 2124 157 2171 ad
168 2123 264 2170 Galbam
275 2124 350 2169 literas
362 2123 430 2176 misit,
442 2122 527 2182 quibus,
538 2119 639 2167 nuntiati
650 2122 729 2168 Gallo·

70 2202 121 2236 rum
133 2188 257 2244 voluntate,
268 2189 315 2249 ejus
325 2188 412 2234 animos
422 2201 516 2247 spesque
525 2184 621 2232 inflaret.
650 2184 729 2232 Haesl·

70 2254 133 2301 tabat
154 2253 226 2299 adhuc
248 2252 336 2308 Galba3
361 2251 516 2310 terrenamque
537 2250 657 2296 amicorum
680 2251 730 2312 ejus

69 2318 167 2383 plurimi,
179 2317 245 2376 quod,
256 2316 367 2376 quomodo
381 2331 417 2361 res
431 2314 534 2361 Vindicis
549 2320 668 2369 verterent,
679 2320 732 2374 qu'ae

69 2389 132 2431 esset
148 2382 209 2427 urbis
226 2381 346 2433 inclinatio,
364 2379 523 2441 opperiendum
541 2386 664 2424 censerent.
697 2379 731 2425 At

69 2447 175 2497 fiduciam
189 2445 272 2491 addidit
283 2444 313 2492 T.
321 2445 410 2500 Vinius,
421 2446 501 2491 borum
515 2443 645 2505 praecipuus,
660 2449 684 2489 et
695 2457 731 2490 rs-

68 2528 120 2561 rum
136 2525 253 2565 novarum,
268 2510 351 2571 praedae
367 2526 407 2571 spe
422 2510 501 2571 magis,
513 2522 579 2569 quam
595 2510 619 2554 in
636 2507 731 2556 Galbam

69 2577 150 2630 studio,
162 2575 262 2638 cupidus.
284 2574 352 2623 Dixit
362 2588 521 2638 supervacuum
531 2572 730 2621 consultationem:

60 2640 200 2691 nmmum
215 2655 274 2703 esse,
292 2648 370 2695 utrum
385 2643 412 2694 in
427 2641 533 2695 anona
544 2638 595 2690 tna
605 2643 751 2704 portatum,
