1680 3188
717 352 722 360 a

105 464 138 508 22
190 458 383 511 turianum
399 457 521 510 112.le
529 458 638 511 ΟΔΜῚ.
653 461 773 506 Μῦῦᾰ.

104 598 210 640 cruentas
220 592 360 640 conditiones
370 591 451 641 mallee
470 596 592 640 cunctante
600 591 628 638 ad
638 606 666 638 ea
676 589 772 637 Mithri·

106 656 164 712 orte
184 665 209 704 et
223 657 334 719 suspectis
348 656 449 720 prefecti
463 657 570 714 consilils,
588 657 650 718 quod
667 656 773 717 pellicem

105 714 192 783 regiam
202 722 319 784 polluerat,
330 722 399 784 inque
409 737 499 770 omnem
506 723 624 769 libidinem
634 721 721 768 venalis
732 722 773 767 ha·

106 787 208 834 bebatur.
239 785 361 850 Casperius
371 788 461 834 interim
473 788 502 834 sd
512 787 680 835 Pharasmanen
690 800 772 847 perva-

105 851 144 907 dit,
162 858 232 914 utque
247 851 309 901 Iberi
328 853 413 900 obsidio
429 853 545 908 decedant,
561 852 696 914 expostulat.
729 848 774 897 Ille

105 919 221 980 propalam
232 918 325 974 ineerta,
336 925 361 966 et
371 919 454 980 saepius
465 919 568 965 molliora
579 916 723 978 respondens,
736 931 774 962 se·

106 982 174 1029 cretis
190 983 276 1030 nuntiis
293 989 372 1031 monet
388 983 567 1037 Rhadamistrrm,
583 982 775 1044 oppugnationem

107 1062 199 1109 quoquo
209 1048 278 1096 modo
293 1049 399 1104 celerare,
432 1049 538 1112 Augetur
554 1047 634 1110 flagitii
644 1061 739 1100 merces,
752 1053 775 1093 et

107 1111 183 1160 Pollio
193 1110 283 1161 occulti
293 1115 437 1176 corruptione
452 1114 547 1176 impellit
557 1114 647 1167 militer,
659 1116 684 1157 ut
695 1126 774 1173 pacem
798 1169 806 1180 Ι

106 1176 243 1241 flagitarent,
273 1193 342 1241 seque
362 1179 466 1241 presidio
489 1179 588 1225 abituros
612 1177 778 1223 minitarentur.

108 1241 164 1298 Quo
173 1244 308 1292 necessitate
319 1243 464 1291 Mithridates
480 1244 540 1291 diem
559 1244 680 1304 locumque
694 1241 777 1288 foederi

95 1309 200 1368 -aecepit,
212 1309 351 1370 castelloque
361 1309 483 1371 egreditur.

140 1371 249 1420 XLVII.
265 1373 303 1423 Ac
311 1374 383 1435 primo
394 1373 555 1420 Rhadamistus
564 1374 588 1419 in
599 1373 716 1436 amplexus
726 1372 777 1434 ejus

107 1435 200 1496 effusus,
217 1439 323 1487 simulare
339 1439 479 1500 obsequium,
496 1454 599 1486 notemur
616 1453 643 1484 ac
660 1445 777 1501 parentem

108 1503 226 1565 appellare.
259 1503 345 1568 Adjicit
356 1504 521 1568 Jusjurandum,
539 1519 586 1551 non
597 1503 663 1559 ferro,
676 1518 722 1550 non
735 1518 776 1548 ve·

107 1582 168 1616 neno
186 1568 234 1617 vim
252 1569 386 1617 allaturum:
406 1569 473 1617 simul
491 1571 516 1616 in
532 1570 609 1616 lucum
625 1569 776 1631 propinquum

108 1633 183 1687 trabit
193 1634 309 1697 provisum
320 1635 365 1681 illic
376 1634 509 1682 sacrificium
519 1635 653 1696 imperatum
665 1633 777 1688 dictitans,

106 1705 133 1745 ut
152 1697 194 1746 diis
213 1699 307 1747 testibus
324 1713 369 1763 pax
383 1699 516 1748 firmaretur.
549 1700 605 1746 Mos
624 1706 660 1746 est
678 1699 777 1760 regibus,

107 1764 196 1824 quoties
211 1766 234 1811 in
247 1765 377 1812 societatem
389 1765 476 1822 coeant,
491 1765 607 1827 implicare
617 1764 714 1817 dextras,
725 1762 777 1824 pol-

108 1827 208 1890 licesque
230 1830 290 1876 inter
312 1845 337 1877 se
360 1830 455 1889 vincire,
475 1830 580 1892 nodoque
597 1829 773 1890 praestringere:

107 1907 168 1949 mox,
181 1894 218 1941 ubi
229 1895 395 1958 sanguinantes
405 1902 520 1944 extremos
530 1894 654 1950 suffuderit,
671 1894 716 1940 levi
728 1894 776 1940 ictu

108 1972 212 2006 cruorem
227 1959 327 2018 eliciunt,
338 1968 406 2023 atque
421 1962 518 2009 invitm
533 1961 646 2008 lambunt:
664 1959 688 2005 id
701 1957 777 2005 foedus

108 2036 215 2072 uernum
225 2025 325 2082 habetur,
334 2028 398 2087 quasi
406 2033 485 2073 mutuo
496 2041 576 2073 cruore
587 2030 706 2072 sacratum.
730 2023 777 2071 Sed

108 2093 170 2145 tunc,
189 2090 228 2151 qui
244 2104 271 2136 ea
281 2091 373 2139 vincula
387 2091 526 2147 admovebat,
542 2091 650 2138 decidisse
661 2089 777 2144 simulans,

108 2166 185 2215 genua
206 2154 349 2204 Mithridatis
371 2156 464 2212 invadit,
493 2157 611 2219 ipsumque
637 2155 773 2218 prosternit:

107 2218 225 2280 simulque,
240 2235 352 2269 concursu
369 2221 474 2283 plurium,
493 2222 623 2284 injiciuntur
640 2227 733 2275 catenae,
750 2233 777 2266 sc

107 2285 218 2346 compede
241 2286 314 2349 (quod
341 2287 475 2335 dedecorum
500 2284 608 2347 barbaris)
631 2286 774 2331 trahebatur:

107 2362 208 2411 moxque
229 2350 318 2412 subus,
337 2351 393 2399 duro
413 2353 506 2415 imperio
526 2352 632 2405 habitum,
651 2350 733 2411 probra
750 2363 777 2395 ac

107 2414 202 2462 verbera
222 2415 353 2464 intentabat.
385 2416 419 2465 Et
441 2423 505 2464 erant
526 2423 611 2470 contre,
632 2415 669 2476 qui
690 2421 776 2461 tantam

107 2477 207 2526 fortunas
224 2483 425 2529 commutationem
446 2483 612 2529 miserarentur.
647 2480 776 2540 secutaque

108 2556 160 2590 cum
170 2545 246 2607 parvis
256 2545 331 2594 liberis
341 2548 424 2611 conjux
440 2553 522 2594 cuncta
537 2546 697 2593 lamentatione
712 2559 776 2591 com·

108 2608 189 2671 plebat.
223 2609 328 2659 Diversis
350 2620 374 2659 et
395 2614 504 2660 contectis
525 2612 635 2660 vehiculis
658 2610 777 2664 abduntur.

108 2673 162 2720 dum
181 2674 339 2724 Phorasmanis
352 2678 417 2740 jussa
431 2678 609 2738 exquirerentur.
642 2674 678 2722 Illi
696 2674 778 2737 cupido

100 2740 172 2798 regni
179 2739 252 2788 fratre
259 2748 283 2789 et
293 2740 339 2789 fitia
346 2743 427 2805 potior,
439 2743 572 2805 animusque
582 2741 703 2788 sceleribus
711 2753 778 2801 pura·
804 2758 807 2767 =

86 2803 144 2846 tus:
163 2804 228 2852 visui
238 2813 319 2857 tumen
327 2809 454 2866 consubrit,
466 2825 497 2857 ue
508 2823 588 2856 coram
595 2804 789 2854 interimerentur.

69 2854 113 2904 Et
122 2863 311 2933 Bhwsmistur,
326 2875 566 2943 quasiJurisjuraudl
574 2885 676 2923 metucns
689 2865 799 2937 mili·

54 2927 123 2982 ΨΦ,
134 2943 192 2981 uon
203 2952 331 2993 venenum
344 2960 375 2995 rn
388 2961 503 2996 sororem
511 2950 539 2995 et
546 2947 666 3007 primvm
675 2931 816 2995 ‘'mm“
