1680 3188
113 175 211 223 nuta.
276 168 614 228 mevLANNnLIUM.
731 186 777 232 tes

115 307 244 369 meliusque
259 307 347 365 contici,
358 323 423 369 quam
440 325 490 355 eum
504 308 565 356 lerro
578 309 619 370 ipsi
631 322 672 355 suo
688 311 777 360 cadunt.

117 371 199 420 Potior
209 372 284 419 habita
294 380 329 420 est
339 373 387 434 ejus
398 375 514 420 sententia.
547 371 626 434 Itaque
636 389 675 435 per
685 377 776 435 provin-

116 437 175 483 ciam
191 437 296 498 imposita
311 443 397 483 tantum
413 438 584 498 praesidiaque
601 438 716 486 seditiosos
731 439 777 488 ire·

115 507 203 556 nerent,
214 501 292 547 urbem
303 501 417 548 vallarent.

150 564 225 626 [llaec
241 565 329 624 quidem
348 565 450 611 consulto
465 565 554 626 provisa
572 574 595 612 et
610 564 697 613 fortiter
712 575 777 629 geste

115 629 175 691 aputl
186 628 304 674 Neronem
316 628 452 689 Vespasiano
466 631 557 691 impune
567 637 636 684 erant,
648 631 676 676 ob
686 634 776 692 generis

114 693 259 753 nominisque
274 693 438 739 obscuritatem.
470 694 586 754 Suspectte
599 694 658 739 enim
675 697 775 758 principi,

112 755 252 819 flagitiorum
263 755 400 802 conscientie
409 756 496 818 pavido,
506 759 584 811 virtus,
596 772 655 818 opes,
667 759 776 807 nobilitas.

112 819 167 867 Nec
181 820 231 867 aliis
247 821 374 866 criminibus
388 822 482 880 quaesita
494 835 556 867 mors
573 818 701 876 Corbuloni,
714 823 774 870 Scri·

111 884 231 946 bouiisque
248 881 358 938 iratribus,
370 883 432 929 Ruso
447 891 469 929 et
484 883 589 931 Proculo.
621 883 666 931 His
681 888 774 933 exitium

112 949 189 995 attulit
208 946 300 995 Pactius
317 946 444 1002 Africanus,
463 948 546 1008 opibus,
562 946 685 1004 concordii,
703 951 773 1012 gestis

111 1012 240 1068 bononbut,
260 1012 317 1073 apud
338 1012 449 1058 exercitus
466 1013 613 1059 Germanicos
634 1015 772 1072 auctoritate,

110 1077 207 1140 panop
232 1075 382 1122 nominandos
404 1076 513 1122 uenum
546 1065 582 1122 ou
605 1076 634 1130 n,
658 1077 772 1140 nrgnrmu

110 1141 193 1204 speeie,
205 1141 229 1186 in
245 1139 354 1186 Achaiam
366 1140 443 1186 acciti:
462 1146 487 1186 ut
497 1137 585 1195 venire,
597 1141 701 1202 principis
718 1158 772 1190 con·

110 1220 192 1268 gressu
205 1204 315 1266 prohibiti,
326 1204 431 1266 neglecti,
445 1203 544 1250 obscuris
558 1204 703 1251 circumventi
718 1215 771 1254 sunt

108 1270 230 1316 criminum
248 1269 379 1315 rumoribus.
410 1266 469 1315 Cum
484 1267 545 1314 nulla
561 1275 620 1316 esset
637 1267 771 1318 defensionis

108 1330 170 1396 spes,
180 1340 255 1379 morte
265 1332 381 1394 opprobrio
392 1330 522 1386 antehabiti,
533 1332 608 1387 vitam,
619 1331 670 1379 fuso
680 1348 719 1394 per
730 1350 769 1381 ve·

108 1413 152 1446 nas
169 1398 285 1458 sanguine,
300 1393 383 1442 finiere.
416 1394 572 1451 Corbulonem,
585 1396 658 1459 gloriir
674 1398 770 1444 circum·

109 1463 194 1517 datum,
207 1461 271 1508 Nero
281 1462 329 1523 ipse
344 1461 456 1521 corripuit,
468 1476 492 1506 se
508 1461 593 1523 imperii
607 1463 715 1508 incertum
732 1476 768 1509 rm

107 1534 153 1583 tm,
164 1527 218 1573 (lum
229 1526 327 1572 viveret:
346 1525 393 1586 pari
407 1524 484 1571 stende
499 1541 559 1580 usus,
571 1526 610 1573 sed
626 1526 766 1587 praesentiam

108 1592 225 1644 reveritus,
243 1587 370 1638 Cenchreas
386 1589 514 1636 adventanti
529 1604 654 1651 supremam
670 1591 767 1638 necessi.

107 1662 178 1703 tatem
198 1655 293 1701 nuntiari
306 1654 377 1716 jubet
411 1652 515 1709 Corbulo,
535 1669 559 1700 se
577 1655 670 1718 dignum
687 1655 768 1712 fassus,

106 1720 207 1783 gladium
223 1733 264 1765 soa
282 1718 305 1764 in
321 1718 406 1764 viscera
424 1717 511 1773 direxit,
527 1719 554 1765 ab
571 1720 654 1782 ignavo
669 1719 771 1783 principe

106 1784 225 1846 deceptum
236 1797 262 1830 se
272 1792 327 1838 esse,
338 1789 361 1828 et
372 1783 478 1829 inermem
488 1783 577 1829 venisse
586 1784 713 1846 indignam.

106 1870 110 1875 ·
139 1846 232 1912 [Tantis
248 1846 345 1894 caedibus
355 1845 451 1893 conflata
466 1846 522 1901 odia,
533 1848 614 1894 nedum
627 1848 686 1895 facta
701 1862 765 1897 tecu-

105 1914 167 1960 ritas.
198 1910 295 1972 Jamque
313 1912 401 1958 labante
418 1910 487 1958 Urbis
504 1909 554 1967 lide,
572 1910 660 1967 Helius,
679 1911 765 1960 conniti

104 1992 194 2039 anceps,
206 1974 293 2023 Neroni
304 1976 397 2031 nuntiat,
412 1989 478 2036 quam
492 1977 588 2037 primum
598 1977 686 2023 veniat:
704 1990 764 2038 prae·

104 2039 178 2090 sentiri
188 2041 236 2104 ejus
252 2040 338 2086 urbicas
349 2055 384 2086 res
398 2054 471 2102 egere.
504 2038 537 2086 lis
551 2040 579 2086 ab
592 2038 669 2086 insani
684 2040 764 2101 glorie

103 2105 209 2168 cupidine
219 2118 265 2150 non
276 2111 389 2159 retractus,
401 2104 501 2150 rescribit
512 2105 566 2166 (nec
576 2105 635 2150 enim
651 2104 763 2151 omiserim

101 2165 764 2227 verbaincredibilisstnltitiaetestes)“Qrumvisnunccon-

102 2234 179 2282 silium
187 2240 251 2279 tuum
259 2233 289 2280 sit
296 2239 320 2279 et
329 2239 414 2288 votum,
423 2231 524 2278 celeriter
532 2233 612 2278 reverti
621 2245 671 2288 me;
688 2237 763 2278 tamen

103 2298 198 2346 suadere
208 2303 231 2344 et
271 2301 318 2344 tare
328 2298 402 2359 potius
412 2297 485 2350 debes,
497 2302 522 2342 ut
533 2297 625 2343 Nerone
635 2295 718 2357 dignus
727 2309 764 2341 re-

102 2359 203 2410 vertar.'’
236 2312 326 2416 lolpelius,
337 2361 448 2422 gliscente
463 2375 502 2422 per
514 2376 588 2407 moras
601 2358 705 2422 periculo,
716 2359 764 2420 ipse

103 2425 216 2474 Achaiam
227 2440 320 2488 propere
329 2425 390 2487 petit,
398 2431 423 2472 ut
433 2425 506 2472 verbis
513 2424 579 2471 fidem
590 2423 666 2470 iaciat:
680 2423 764 2478 turbas,

102 2489 269 2603 ppppjupptiopes
284 2489 396 2600 admsppet.
425 2487 546 2598 'l'enorerp
556 2488 636 2534 incutit
651 2492 763 2596 mfffi

193 2567 302 2599 scnmen·
376 2568 399 2599 m
439 2569 450 2599 s
466 2568 532 2599 move
572 2565 655 2598 resena
683 2565 694 2596 s
742 2565 763 2597 1·

99 2632 166 2666 onim
184 2587 311 2667 tonnum'r
336 2568 437 2665 mentitio¹
454 2631 542 2682 quoque
556 2568 662 2664 iollntat
678 2614 762 2676 ingrati

89 2681 164 2727 mini
170 2680 253 2741 parcior,
266 2683 288 2732 si
299 2699 408 2737 mamma
422 2700 472 2737 non
481 2683 604 2751 rennuens
612 2677 777 2731 nummus
