1680 3188
377 332 427 384 DE

204 435 600 600 onnnonmus,

339 729 409 768 sive:
429 729 471 767 DE

91 877 220 938 CAUSIS
239 885 446 939 CORRUPTAE
464 882 723 951 EUJQUENTIAE,

261 1037 551 1131 DIALOGUS.

72 1237 734 1267 ὒ--ῄ-ὴ--ι--ι-ι--η

105 1363 126 1413 Ι.
143 1367 214 1414 Sam
236 1381 266 1413 ex
284 1382 321 1413 me
339 1367 439 1426 requiris,
455 1364 523 1413 Juste
542 1358 603 1418 Fabi,
620 1378 666 1420 cur,
683 1378 734 1412 cnm

71 1431 146 1493 priore
157 1431 239 1478 saecula
249 1439 284 1478 tot
294 1431 440 1478 eminentium
452 1437 565 1476 oratorum
576 1430 672 1492 ingeniis
683 1429 734 1492 glo·

72 1492 149 1556 nique
164 1495 307 1550 effloruerint,
318 1502 395 1542 nostre
410 1495 551 1556 potissimum
568 1502 629 1549 aetus,
647 1494 735 1541 deserte

71 1566 95 1606 et
111 1560 176 1606 leude
187 1561 269 1616 orbate,
280 1562 319 1608 rix
330 1575 413 1606 nornen
429 1560 502 1622 ipsum
512 1559 607 1606 oratoris
624 1559 731 1606 retinent:

71 1639 145 1686 neque
156 1626 215 1671 enirn
224 1628 256 1671 ite
265 1625 407 1692 qppellumus,
416 1625 459 1671 nisi
468 1624 583 1684 antiquos:
602 1624 681 1669 horum
693 1637 734 1670 nn-

72 1694 120 1735 tem
137 1695 263 1750 temporum
279 1689 361 1743 diserti,
381 1689 485 1736 causidici
501 1695 524 1735 et
539 1689 639 1735 advocati
656 1694 679 1734 et
694 1702 734 1750 pe·

71 1753 138 1807 troni,
158 1762 182 1800 et
202 1753 290 1814 quidvis
307 1754 388 1816 potins,
407 1769 473 1814 quarn
493 1761 599 1807 oratores,
618 1759 734 1800 vocantur.

71 1815 116 1866 cui
135 1817 298 1878 percontationi
317 1827 364 1865 ture
380 1818 520 1880 respondere,
540 1824 623 1864 ettam
643 1831 734 1879 megum

70 1883 202 1942 quaestionis
217 1882 305 1944 pondus
318 1885 426 1944 excipere,
438 1891 463 1927 nt
474 1890 513 1928 aut
528 1882 556 1928 de
567 1882 663 1942 ingeniis
679 1896 733 1928 nos·

70 1948 112 1993 tris
122 1947 181 1993 mele
191 1947 363 1993 existimandum
375 1948 410 2001 sit,
423 1947 441 1992 si
456 1947 515 1992 idem
526 1947 612 2005 assequi
624 1961 669 1992 non
680 1961 734 2006 poe·

70 2026 155 2066 sumus,
167 2019 206 2058 aut
216 2013 244 2057 de
250 2012 350 2073 judiciis,
362 2012 380 2058 si
392 2011 503 2063 uolumus,
514 2011 560 2062 vix,
573 2009 680 2065 Hercule,
693 2024 733 2056 au·

71 2076 155 2131 derem,
175 2077 194 2122 si
213 2076 267 2122 mihi
289 2091 339 2123 men
357 2075 468 2123 sententia
485 2074 625 2136 proferenda,
642 2089 668 2120 uc
687 2088 734 2139 non

70 2139 274 2195 disertissimorum,
297 2147 323 2187 ut
345 2141 428 2188 nostris
454 2139 595 2201 temporibus,
618 2139 734 2185 hominum

69 2219 146 2252 sermo
156 2205 289 2266 repetendus
300 2212 365 2259 esset,
377 2220 440 2266 qnos,
451 2204 552 2252 eumdem
563 2204 620 2250 hunc
628 2203 736 2263 quaestio-

70 2283 123 2317 nem
145 2276 313 2330 pertractantes,
327 2271 420 2333 juvenis
441 2269 561 2316 admodum
583 2267 664 2314 audivi.
698 2265 736 2317 lta

68 2347 118 2381 nou
127 2333 227 2396 ingenio,
239 2335 279 2382 sed
293 2334 401 2383 memorid
412 2349 438 2382 nc
454 2333 613 2388 recordatione,
625 2346 682 2393 opus
693 2339 735 2392 eet,

68 2407 101 2454 nt,
113 2413 166 2462 quse
183 2400 396 2460 upraestontissimis
411 2400 466 2446 viris
483 2406 506 2444 et
519 2397 647 2459 excogitata
664 2397 735 2443 subti-

68 2463 126 2518 liter,
139 2470 163 2512 et
176 2463 235 2510 dicte
248 2465 354 2526 graviter,
365 2465 448 2526 accepi,
459 2478 511 2509 curn
528 2462 611 2524 singuli
627 2462 734 2518 diversus,

68 2527 105 2574 vel
117 2528 213 2582 eosdem,
226 2527 265 2574 sed
276 2528 399 2592 probabiles
409 2543 490 2578 cousus
502 2526 619 2580 efferrent,
627 2525 743 2571 dumini-

62 2604 125 2640 mem
135 2593 173 2641 ὐἱ
183 2593 282 2658 quinque
292 2603 319 2649 ei
328 2596 402 2653 animi
413 2604 440 2648 et
449 2595 546 2661 'ingenii
553 2586 770 2644 semermium

89 2667 140 2702 ron.
152 2670 183 2706 11.
539 2674 560 2705 x
