1680 3188
79 418 109 464 rs
152 413 345 464 ANNALIUM
362 412 415 465 Lm
423 412 599 466 merant.
623 417 742 461 meaos.

75 546 170 593 turbatis
191 553 269 594 contra
287 545 450 594 Britannorum
468 547 589 603 ordinibus,
608 546 668 609 apud
683 560 747 606 quos·

74 611 137 658 nulla
150 611 269 658 loricarum
283 612 428 674 galearumve
444 613 560 675 tegmina3
576 619 606 668 et,
625 610 741 659 drusili-

75 676 150 723 arabus
161 677 296 733 resisterent,
312 678 393 739 gladiis
409 693 435 725 ac
444 678 499 740 pilis¹
510 676 702 740 legionariorum
721 677 741 722 ri

75 741 120 788 huo
135 749 255 798 verterent,
268 743 352 805 spathis
366 750 390 789 et
406 742 639 797 hastis'auxiliarium,
652 748 740 788 meme

74 806 163 853 bantur.
196 804 265 855 Clara
281 822 309 854 ea
325 808 420 855 victoria
434 807 482 863 suit,
502 806 611 869 captique
626 820 699 853 uxore
715 812 741 853 et

74 869 123 917 ulit
134 869 258 928 Caraotaci,
269 870 351 919 fratres
358 888 448 934 quoque
457 874 481 918 in
493 872 629 919 deditionem
637 870 731 932 accepti.

107 935 231 983 XXXVL
249 935 303 1000 Ipse
325 938 362 1001 (ut
380 936 452 985 ferme
467 938 543 984 intuta
559 945 613 984 sunt
632 933 738 997 adversa)

75 1014 127 1048 cum
137 1000 206 1049 iidem
218 1000 403 1056 Cartlsmanduae,
421 1003 508 1065 reginae
520 1002 663 1064 Brigantum,
679 996 738 1062 peti-

73 1066 150 1123 visset,
161 1068 291 1116 vincturae
302 1067 424 1114 victoribus
440 1068 536 1115 traditus
551 1074 593 1122 est,
610 1082 671 1113 nono
686 1072 740 1128 port

74 1146 140 1188 anno,
160 1146 226 1193 quam
247 1131 331 1179 bellurn
348 1133 372 1179 in
391 1130 510 1180 Britannid
527 1140 635 1194 eoepturn.
670 1129 741 1178 Unde

72 1194 134 1243 sama
143 1197 192 1260 ejus
201 1204 281 1244 evecta
291 1197 377 1244 insulas
386 1204 411 1244 et
420 1199 534 1259 proximas
549 1197 676 1259 provincias
686 1210 739 1257 per·

74 1268 163 1324 vagata,
173 1277 215 1323 per
223 1259 311 1308 Italiam
320 1277 410 1323 quoque
420 1263 584 1309 celebrabatur:
598 1263 740 1322 avebantque

73 1326 153 1381 visere,
164 1327 215 1387 quis
222 1326 261 1373 ille
271 1333 306 1374 tot
315 1342 357 1388 per
366 1342 439 1375 annos
446 1342 500 1389 opes
511 1334 600 1374 nostrus
611 1327 740 1389 sprevisset.

74 1389 114 1438 Ne
124 1390 305 1452 Ramaequidem
315 1391 414 1455 ignobile
421 1390 537 1441 Caraotaei
549 1407 632 1438 nornen
643 1399 700 1437 erat:
715 1399 739 1437 et

74 1454 161 1514 Cesar,
179 1456 234 1503 dum
253 1471 319 1503 suum
338 1458 406 1504 decus
426 1457 522 1514 extollit,
539 1457 623 1505 addidit
640 1457 739 1519 gloriam

72 1522 143 1570 victo.
175 1520 278 1568 Vocatur
294 1522 382 1585 quippe,
399 1529 425 1569 ut
435 1524 464 1571 ad
474 1521 738 1586 insignespectaculum,

73 1587 176 1650 populun.
200 1584 289 1634 Stetere
298 1587 323 1633 in
333 1589 401 1634 armis
408 1589 520 1650 praetoriae
531 1589 641 1642 cobortes,
652 1601 740 1647 eampo,

74 1653 114 1713 qui
124 1660 198 1700 castra
208 1653 320 1714 prteJ'acet.
342 1651 411 1708 Turn,
421 1653 577 1700 incedentibus
587 1653 655 1714 regiis
666 1652 738 1699 clien-

74 1717 132 1771 telis,
153 1717 251 1780 phalerae
272 1722 407 1779 torquesque
413 1733 421 1775 3
438 1732 533 1780 quaeque
554 1718 653 1765 externis
674 1716 738 1762 bellis

73 1783 200 1844 quaesierat,
219 1781 363 1830 transducta:
386 1797 441 1829 mox
454 1782 541 1837 fratres,
563 1789 587 1829 et
608 1782 691 1844 conjux
713 1787 738 1828 et

70 1845 130 1894 filia:
149 1854 264 1910 postremo
279 1848 328 1909 ipse
343 1853 477 1896 ostentatur.
508 1846 649 1897 Ceterorum
659 1860 739 1909 preses

70 1911 195 1974 degeneres
207 1910 277 1970 fuere,
294 1928 324 1960 ex
340 1918 415 1961 metu:
436 1921 520 1960 utnon
538 1911 682 1969 Camenam,
699 1917 740 1960 aut

71 1977 138 2024 vultu
153 1977 257 2033 demisso,
274 1984 313 2025 aut
327 1979 409 2037 verbis,
424 1979 599 2026 misericordiam
615 1979 740 2037 requirens.

72 2041 121 2090 Ubi
131 2043 236 2089 tribunali
246 2042 337 2098 adstitit,
349 2043 374 2090 in
385 2044 446 2090 hune
456 2044 547 2091 modum
559 2043 648 2090 locutus
659 2047 706 2088 ests

105 2105 243 2154 XXXVII.
259 2107 311 2163 '‘Si,
323 2115 406 2168 quanta
419 2109 522 2155 nobilitas
538 2116 562 2154 et
576 2106 666 2153 fortuna
680 2105 736 2151 mihi

70 2171 121 2229 fuit,
132 2178 196 2219 tanta
206 2186 280 2218 rerum
287 2187 443 2235 prosperarum
451 2173 574 2220 moderatio
583 2171 670 2224 fuisset,
679 2171 737 2216 arni·

72 2253 113 2285 eus
123 2237 198 2300 potius
214 2237 238 2284 in
254 2238 311 2284 hane
325 2239 409 2293 urbem,
425 2251 493 2299 quam
505 2244 590 2299 eaptus,
599 2235 732 2282 venissem:

70 2317 145 2364 neque
155 2302 288 2363 dedignatus
299 2318 361 2349 esses
371 2303 437 2349 elaris
443 2302 564 2364 majoribus
575 2307 656 2355 ortum,
664 2300 736 2363 pluri·

70 2367 113 2414 bus
132 2368 237 2429 gentibus
253 2368 424 2429 imperitantem,
442 2366 529 2413 foedere
546 2368 608 2429 paris
626 2367 735 2428 accipere.

71 2430 178 2480 Praesens
189 2447 239 2479 sors
253 2447 310 2488 mea,
322 2439 348 2479 ut
358 2433 412 2478 mibi
422 2431 531 2486 informis,
548 2433 580 2479 sic
596 2432 637 2478 tibi
648 2430 738 2494 magni·

70 2496 115 2544 flea
135 2503 177 2544 est.
211 2496 289 2544 Habui
310 2513 388 2558 equos,
406 2497 474 2552 viros,
496 2511 566 2551 arma,
588 2512 656 2559 opes:
680 2496 735 2555 quid

71 2563 161 2618 mirum,
172 2563 191 2609 si
202 2562 251 2608 haer
262 2563 346 2609 invitus
357 2560 437 2611 amisi?
470 2560 533 2616 Non,
549 2563 568 2609 ai
579 2578 621 2609 vos
632 2561 737 2607 omnibus

70 2628 198 2689 imperitare
213 2627 289 2681 vultis,
306 2629 412 2689 requitur,
428 2635 454 2674 ut
464 2642 544 2675 omnes
554 2628 685 2674 servitutem
697 2640 736 2672 ae-

58 2691 152 2745 ebriant.
186 2692 216 2738 Si
223 2693 301 2739 statim
312 2693 402 2741 deditus
413 2692 527 2750 traderer3
545 2706 617 2754 neque
627 2705 679 2737 mea
688 2688 736 2736 for·

42 2752 109 2819 ²⁰¹3&
125 2766 207 2813 neque
228 2765 269 2806 tua
284 2758 365 2821 gloria
382 2760 546 2818 inclaruisset3
562 2765 588 2806 et
608 2755 746 2820 annotinum

23 2813 80 2851 mer
89 2811 183 2864 oblivio
194 2832 356 2884 sequeretur:
376 2836 410 2886 at,
432 2829 451 2878 si
460 2827 612 2878 ineolumem
619 2820 757 2873 servarent·

8 2869 140 2922 mmm
158 2891 289 2955 exemplar
307 2895 454 2947 clementiae
471 2893 545 2947 ero.”
584 2890 629 2941 Ad
644 2905 675 2938 ea
684 2884 759 2934 Casa

13 2930 103 2981 οοιὶῑω
114 2938 221 3009 1‘1251‘1118
233 2964 260 3005 et
272 2964 383 3032 conjugi
398 2974 429 3018 et
440 2963 564 3016 iratribus
575 2957 675 3010 tribuat.
696 2951 752 3012 datan
