<?xml version="1.0" encoding="UTF-8"?>
<!DOCTYPE html PUBLIC "-//W3C//DTD XHTML 1.0 Transitional//EN"
    "http://www.w3.org/TR/xhtml1/DTD/xhtml1-transitional.dtd">
<html xmlns="http://www.w3.org/1999/xhtml" xml:lang="en" lang="en">
 <head>
  <title>
</title>
<meta http-equiv="Content-Type" content="text/html;charset=utf-8" />
  <meta name='ocr-system' content='tesseract 3.04.00' />
  <meta name='ocr-capabilities' content='ocr_page ocr_carea ocr_par ocr_line ocrx_word'/>
</head>
<body>
  <div class='ocr_page' id='page_1' title='image "./ccorneliitaciti01obergoog_0092.png"; bbox 0 0 1680 3188; ppageno 0'>
   <div class='ocr_carea' id='block_1_1' title="bbox 64 111 739 166">
    <p class='ocr_par' dir='ltr' id='par_1_1' title="bbox 64 111 739 166">
     <span class='ocr_line' id='line_1_1' title="bbox 64 111 739 166; baseline 0.006 -4"><span class='ocrx_word' id='word_1_1' title='bbox 64 115 168 162; x_wconf 58' lang='lat' dir='ltr'>Made·</span> <span class='ocrx_word' id='word_1_2' title='bbox 216 111 557 164; x_wconf 71' lang='lat' dir='ltr'>ANNALIUMLmXIV.</span> <span class='ocrx_word' id='word_1_3' title='bbox 570 111 675 163; x_wconf 68' lang='lat' dir='ltr'>craso.</span> <span class='ocrx_word' id='word_1_4' title='bbox 707 120 739 166; x_wconf 83' lang='lat'>85</span> 
     </span>
    </p>
   </div>
   <div class='ocr_carea' id='block_1_2' title="bbox 18 242 805 2779">
    <p class='ocr_par' dir='ltr' id='par_1_2' title="bbox 18 242 805 2779">
     <span class='ocr_line' id='line_1_2' title="bbox 66 242 739 308; baseline -0.001 -12"><span class='ocrx_word' id='word_1_5' title='bbox 66 249 118 296; x_wconf 86' lang='lat' dir='ltr'>sine</span> <span class='ocrx_word' id='word_1_6' title='bbox 129 248 206 295; x_wconf 88' lang='lat' dir='ltr'>hostili</span> <span class='ocrx_word' id='word_1_7' title='bbox 218 245 252 294; x_wconf 77' lang='lat' dir='ltr'>irs</span> <span class='ocrx_word' id='word_1_8' title='bbox 266 255 289 294; x_wconf 90' lang='lat' dir='ltr'>et</span> <span class='ocrx_word' id='word_1_9' title='bbox 305 242 409 308; x_wconf 75' lang='lat' dir='ltr'>superbid</span> <span class='ocrx_word' id='word_1_10' title='bbox 418 245 510 292; x_wconf 80' lang='lat' dir='ltr'>victoris</span> <span class='ocrx_word' id='word_1_11' title='bbox 526 245 649 292; x_wconf 87' lang='lat' dir='ltr'>clementer</span> <span class='ocrx_word' id='word_1_12' title='bbox 658 245 739 296; x_wconf 88' lang='lat' dir='ltr'>deditis</span> 
     </span>
     <span class='ocr_line' id='line_1_3' title="bbox 66 311 737 367; baseline -0.003 -6"><span class='ocrx_word' id='word_1_13' title='bbox 66 314 235 362; x_wconf 85' lang='lat' dir='ltr'>consulturum.</span> <span class='ocrx_word' id='word_1_14' title='bbox 270 313 366 359; x_wconf 90' lang='lat' dir='ltr'>Simul</span> <span class='ocrx_word' id='word_1_15' title='bbox 360 327 384 357; x_wconf 91' lang='lat' dir='ltr'>m</span> <span class='ocrx_word' id='word_1_16' title='bbox 402 311 488 358; x_wconf 86' lang='lat' dir='ltr'>Urbem</span> <span class='ocrx_word' id='word_1_17' title='bbox 506 311 630 367; x_wconf 85' lang='lat' dir='ltr'>mandabat,</span> <span class='ocrx_word' id='word_1_18' title='bbox 651 312 737 359; x_wconf 89' lang='lat' dir='ltr'>nullum</span> 
     </span>
     <span class='ocr_line' id='line_1_4' title="bbox 66 376 738 452; baseline -0.003 -26"><span class='ocrx_word' id='word_1_19' title='bbox 66 378 151 442; x_wconf 90' lang='lat' dir='ltr'>proelio</span> <span class='ocrx_word' id='word_1_20' title='bbox 161 377 230 425; x_wconf 86' lang='lat' dir='ltr'>finem</span> <span class='ocrx_word' id='word_1_21' title='bbox 243 383 405 452; x_wconf 78' lang='lat' dir='ltr'>exspectarent,</span> <span class='ocrx_word' id='word_1_22' title='bbox 424 377 466 421; x_wconf 92' lang='lat' dir='ltr'>nisi</span> <span class='ocrx_word' id='word_1_23' title='bbox 484 376 640 423; x_wconf 77' lang='lat' dir='ltr'>succederetur</span> <span class='ocrx_word' id='word_1_24' title='bbox 656 377 738 424; x_wconf 88' lang='lat' dir='ltr'>Sueto-</span> 
     </span>
     <span class='ocr_line' id='line_1_5' title="bbox 58 441 737 506; baseline -0.003 -15"><span class='ocrx_word' id='word_1_25' title='bbox 58 445 124 491; x_wconf 88' lang='lat' dir='ltr'>·nio:</span> <span class='ocrx_word' id='word_1_26' title='bbox 145 447 210 506; x_wconf 83' lang='lat' dir='ltr'>qu‘us</span> <span class='ocrx_word' id='word_1_27' title='bbox 221 443 315 490; x_wconf 84' lang='lat' dir='ltr'>adversa</span> <span class='ocrx_word' id='word_1_28' title='bbox 325 442 430 502; x_wconf 74' lang='lat' dir='ltr'>pravitati</span> <span class='ocrx_word' id='word_1_29' title='bbox 438 441 522 502; x_wconf 81' lang='lat' dir='ltr'>ipsius3</span> <span class='ocrx_word' id='word_1_30' title='bbox 534 456 641 503; x_wconf 80' lang='lat' dir='ltr'>prospers</span> <span class='ocrx_word' id='word_1_31' title='bbox 651 443 679 489; x_wconf 85' lang='lat' dir='ltr'>ud</span> <span class='ocrx_word' id='word_1_32' title='bbox 689 442 737 490; x_wconf 81' lang='lat' dir='ltr'>lor-</span> 
     </span>
     <span class='ocr_line' id='line_1_6' title="bbox 65 507 774 569; baseline -0.013 -13"><span class='ocrx_word' id='word_1_33' title='bbox 65 515 147 556; x_wconf 80' lang='lat' dir='ltr'>tunam</span> <span class='ocrx_word' id='word_1_34' title='bbox 159 509 288 569; x_wconf 84' lang='lat' dir='ltr'>reipublicae</span> <span class='ocrx_word' id='word_1_35' title='bbox 299 507 414 553; x_wconf 83' lang='lat' dir='ltr'>referebat.</span> <span class='ocrx_word' id='word_1_36' title='bbox 767 550 774 568; x_wconf 41' lang='lat' dir='ltr'><em>l</em></span> 
     </span>
     <span class='ocr_line' id='line_1_7' title="bbox 100 569 736 634; baseline -0.003 -14"><span class='ocrx_word' id='word_1_37' title='bbox 100 572 231 623; x_wconf 85' lang='lat' dir='ltr'>XXXIX.</span> <span class='ocrx_word' id='word_1_38' title='bbox 247 572 322 634; x_wconf 85' lang='lat' dir='ltr'>Igitur</span> <span class='ocrx_word' id='word_1_39' title='bbox 339 572 367 617; x_wconf 92' lang='lat' dir='ltr'>ad</span> <span class='ocrx_word' id='word_1_40' title='bbox 386 570 533 632; x_wconf 88' lang='lat' dir='ltr'>spectandum</span> <span class='ocrx_word' id='word_1_41' title='bbox 544 569 670 618; x_wconf 78' lang='lat' dir='ltr'>Britanniae</span> <span class='ocrx_word' id='word_1_42' title='bbox 689 579 736 622; x_wconf 89' lang='lat' dir='ltr'>sta·</span> 
     </span>
     <span class='ocr_line' id='line_1_8' title="bbox 68 636 735 714; baseline 0 -29"><span class='ocrx_word' id='word_1_43' title='bbox 68 646 118 686; x_wconf 88' lang='lat' dir='ltr'>tum</span> <span class='ocrx_word' id='word_1_44' title='bbox 133 640 218 685; x_wconf 86' lang='lat' dir='ltr'>missus</span> <span class='ocrx_word' id='word_1_45' title='bbox 228 647 301 685; x_wconf 89' lang='lat' dir='ltr'>estex</span> <span class='ocrx_word' id='word_1_46' title='bbox 312 637 396 682; x_wconf 82' lang='lat' dir='ltr'>libertis</span> <span class='ocrx_word' id='word_1_47' title='bbox 407 636 547 714; x_wconf 69' lang='lat' dir='ltr'>l’olycletus,</span> <span class='ocrx_word' id='word_1_48' title='bbox 558 636 643 697; x_wconf 84' lang='lat' dir='ltr'>magnai</span> <span class='ocrx_word' id='word_1_49' title='bbox 659 637 735 686; x_wconf 87' lang='lat' dir='ltr'>Nero·</span> 
     </span>
     <span class='ocr_line' id='line_1_9' title="bbox 67 701 736 766; baseline -0.003 -16"><span class='ocrx_word' id='word_1_50' title='bbox 67 706 104 752; x_wconf 90' lang='lat' dir='ltr'>nis</span> <span class='ocrx_word' id='word_1_51' title='bbox 115 720 163 766; x_wconf 90' lang='lat' dir='ltr'>spe,</span> <span class='ocrx_word' id='word_1_52' title='bbox 174 719 242 766; x_wconf 89' lang='lat' dir='ltr'>posse</span> <span class='ocrx_word' id='word_1_53' title='bbox 250 703 383 749; x_wconf 87' lang='lat' dir='ltr'>auctoritate</span> <span class='ocrx_word' id='word_1_54' title='bbox 393 705 447 763; x_wconf 85' lang='lat' dir='ltr'>ejus,</span> <span class='ocrx_word' id='word_1_55' title='bbox 464 716 510 746; x_wconf 90' lang='lat' dir='ltr'>non</span> <span class='ocrx_word' id='word_1_56' title='bbox 522 701 589 748; x_wconf 91' lang='lat' dir='ltr'>modo</span> <span class='ocrx_word' id='word_1_57' title='bbox 604 703 663 748; x_wconf 86' lang='lat' dir='ltr'>inter</span> <span class='ocrx_word' id='word_1_58' title='bbox 673 703 736 764; x_wconf 82' lang='lat' dir='ltr'>lega-</span> 
     </span>
     <span class='ocr_line' id='line_1_10' title="bbox 56 765 734 842; baseline -0.006 -26"><span class='ocrx_word' id='word_1_59' title='bbox 56 776 117 819; x_wconf 64' lang='lat' dir='ltr'>tum</span> <span class='ocrx_word' id='word_1_60' title='bbox 132 780 346 842; x_wconf 82' lang='lat' dir='ltr'>procuratoremque</span> <span class='ocrx_word' id='word_1_61' title='bbox 363 765 504 813; x_wconf 83' lang='lat' dir='ltr'>concordiam</span> <span class='ocrx_word' id='word_1_62' title='bbox 522 766 594 828; x_wconf 79' lang='lat' dir='ltr'>gigni,</span> <span class='ocrx_word' id='word_1_63' title='bbox 614 767 653 813; x_wconf 87' lang='lat' dir='ltr'>sed</span> <span class='ocrx_word' id='word_1_64' title='bbox 664 775 687 814; x_wconf 87' lang='lat' dir='ltr'>et</span> <span class='ocrx_word' id='word_1_65' title='bbox 698 784 734 816; x_wconf 86' lang='lat' dir='ltr'>re·</span> 
     </span>
     <span class='ocr_line' id='line_1_11' title="bbox 66 831 733 907; baseline 0 -27"><span class='ocrx_word' id='word_1_66' title='bbox 66 834 137 881; x_wconf 88' lang='lat' dir='ltr'>belles</span> <span class='ocrx_word' id='word_1_67' title='bbox 147 834 292 880; x_wconf 89' lang='lat' dir='ltr'>barbarorum</span> <span class='ocrx_word' id='word_1_68' title='bbox 304 833 391 878; x_wconf 88' lang='lat' dir='ltr'>animos</span> <span class='ocrx_word' id='word_1_69' title='bbox 408 846 462 892; x_wconf 91' lang='lat' dir='ltr'>pace</span> <span class='ocrx_word' id='word_1_70' title='bbox 477 832 589 907; x_wconf 86' lang='lat' dir='ltr'>componi.</span> <span class='ocrx_word' id='word_1_71' title='bbox 623 831 675 878; x_wconf 90' lang='lat' dir='ltr'>Nec</span> <span class='ocrx_word' id='word_1_72' title='bbox 694 833 733 880; x_wconf 87' lang='lat' dir='ltr'>de·</span> 
     </span>
     <span class='ocr_line' id='line_1_12' title="bbox 65 896 734 960; baseline 0 -16"><span class='ocrx_word' id='word_1_73' title='bbox 65 897 109 948; x_wconf 81' lang='lat' dir='ltr'>tuit</span> <span class='ocrx_word' id='word_1_74' title='bbox 122 898 261 960; x_wconf 80' lang='lat' dir='ltr'>Polycletus,</span> <span class='ocrx_word' id='word_1_75' title='bbox 282 914 327 959; x_wconf 91' lang='lat' dir='ltr'>quo</span> <span class='ocrx_word' id='word_1_76' title='bbox 345 898 426 951; x_wconf 89' lang='lat' dir='ltr'>minus,</span> <span class='ocrx_word' id='word_1_77' title='bbox 446 896 533 958; x_wconf 83' lang='lat' dir='ltr'>ingenti</span> <span class='ocrx_word' id='word_1_78' title='bbox 548 897 639 958; x_wconf 84' lang='lat' dir='ltr'>agndae</span> <span class='ocrx_word' id='word_1_79' title='bbox 659 896 734 946; x_wconf 83' lang='lat' dir='ltr'>Italiae</span> 
     </span>
     <span class='ocr_line' id='line_1_13' title="bbox 67 957 780 1037; baseline -0.003 -25"><span class='ocrx_word' id='word_1_80' title='bbox 67 964 196 1025; x_wconf 86' lang='lat' dir='ltr'>Galliaeque</span> <span class='ocrx_word' id='word_1_81' title='bbox 206 964 290 1026; x_wconf 84' lang='lat' dir='ltr'>gravis,</span> <span class='ocrx_word' id='word_1_82' title='bbox 307 970 426 1037; x_wconf 87' lang='lat' dir='ltr'>postquam</span> <span class='ocrx_word' id='word_1_83' title='bbox 438 960 554 1008; x_wconf 86' lang='lat' dir='ltr'>Oceanum</span> <span class='ocrx_word' id='word_1_84' title='bbox 570 964 732 1018; x_wconf 84' lang='lat' dir='ltr'>transmiserat,</span> <span class='ocrx_word' id='word_1_85' title='bbox 775 957 780 968; x_wconf 83' lang='lat'>&#39;</span> 
     </span>
     <span class='ocr_line' id='line_1_14' title="bbox 65 1024 733 1105; baseline -0.001 -29"><span class='ocrx_word' id='word_1_86' title='bbox 65 1030 174 1076; x_wconf 87' lang='lat' dir='ltr'>militibus</span> <span class='ocrx_word' id='word_1_87' title='bbox 196 1043 285 1105; x_wconf 88' lang='lat' dir='ltr'>quoque</span> <span class='ocrx_word' id='word_1_88' title='bbox 307 1029 390 1074; x_wconf 89' lang='lat' dir='ltr'>nostris</span> <span class='ocrx_word' id='word_1_89' title='bbox 407 1027 511 1073; x_wconf 89' lang='lat' dir='ltr'>terribilis</span> <span class='ocrx_word' id='word_1_90' title='bbox 533 1024 653 1074; x_wconf 74' lang='lat' dir='ltr'>incederet.</span> <span class='ocrx_word' id='word_1_91' title='bbox 687 1028 733 1075; x_wconf 87' lang='lat' dir='ltr'>Sed</span> 
     </span>
     <span class='ocr_line' id='line_1_15' title="bbox 56 1090 732 1154; baseline -0.001 -13"><span class='ocrx_word' id='word_1_92' title='bbox 56 1094 184 1141; x_wconf 88' lang='lat' dir='ltr'>-hostibus</span> <span class='ocrx_word' id='word_1_93' title='bbox 178 1096 252 1140; x_wconf 80' lang='lat' dir='ltr'>irrisui</span> <span class='ocrx_word' id='word_1_94' title='bbox 246 1093 312 1147; x_wconf 67' lang='lat' dir='ltr'>&#39;fuit</span> <span class='ocrx_word' id='word_1_95' title='bbox 331 1093 390 1154; x_wconf 88' lang='lat' dir='ltr'>apud</span> <span class='ocrx_word' id='word_1_96' title='bbox 401 1107 465 1152; x_wconf 90' lang='lat' dir='ltr'>quos,</span> <span class='ocrx_word' id='word_1_97' title='bbox 483 1090 593 1152; x_wconf 82' lang='lat' dir='ltr'>flagrante</span> <span class='ocrx_word' id='word_1_98' title='bbox 604 1093 671 1138; x_wconf 90' lang='lat' dir='ltr'>etiam</span> <span class='ocrx_word' id='word_1_99' title='bbox 683 1101 732 1140; x_wconf 87' lang='lat' dir='ltr'>tum</span> 
     </span>
     <span class='ocr_line' id='line_1_16' title="bbox 54 1153 805 1219; baseline -0.004 -13"><span class='ocrx_word' id='word_1_100' title='bbox 54 1159 173 1214; x_wconf 84' lang='lat' dir='ltr'>libertate,</span> <span class='ocrx_word' id='word_1_101' title='bbox 192 1160 291 1205; x_wconf 85' lang='lat' dir='ltr'>nondum</span> <span class='ocrx_word' id='word_1_102' title='bbox 304 1158 396 1219; x_wconf 86' lang='lat' dir='ltr'>cognita</span> <span class='ocrx_word' id='word_1_103' title='bbox 411 1158 542 1203; x_wconf 89' lang='lat' dir='ltr'>libertorum</span> <span class='ocrx_word' id='word_1_104' title='bbox 554 1158 655 1217; x_wconf 86' lang='lat' dir='ltr'>potentia</span> <span class='ocrx_word' id='word_1_105' title='bbox 665 1167 728 1206; x_wconf 83' lang='lat' dir='ltr'>erat:</span> <span class='ocrx_word' id='word_1_106' title='bbox 796 1153 805 1159; x_wconf 74' lang='grc'><strong>”</strong></span> 
     </span>
     <span class='ocr_line' id='line_1_17' title="bbox 63 1221 731 1285; baseline -0.001 -15"><span class='ocrx_word' id='word_1_107' title='bbox 63 1226 251 1285; x_wconf 86' lang='lat' dir='ltr'>mirabanturque,</span> <span class='ocrx_word' id='word_1_108' title='bbox 263 1225 324 1284; x_wconf 91' lang='lat' dir='ltr'>quod</span> <span class='ocrx_word' id='word_1_109' title='bbox 334 1224 380 1269; x_wconf 87' lang='lat' dir='ltr'>dux</span> <span class='ocrx_word' id='word_1_110' title='bbox 389 1230 412 1268; x_wconf 91' lang='lat' dir='ltr'>et</span> <span class='ocrx_word' id='word_1_111' title='bbox 418 1221 536 1275; x_wconf 82' lang='lat' dir='ltr'>exercitus,</span> <span class='ocrx_word' id='word_1_112' title='bbox 546 1221 602 1267; x_wconf 88' lang='lat' dir='ltr'>tanti</span> <span class='ocrx_word' id='word_1_113' title='bbox 613 1222 664 1268; x_wconf 89' lang='lat' dir='ltr'>belli</span> <span class='ocrx_word' id='word_1_114' title='bbox 675 1239 731 1269; x_wconf 88' lang='lat' dir='ltr'>con-</span> 
     </span>
     <span class='ocr_line' id='line_1_18' title="bbox 61 1285 730 1350; baseline -0.006 -13"><span class='ocrx_word' id='word_1_115' title='bbox 61 1289 141 1344; x_wconf 79' lang='lat' dir='ltr'>sector,</span> <span class='ocrx_word' id='word_1_116' title='bbox 162 1291 259 1337; x_wconf 86' lang='lat' dir='ltr'>servitiis</span> <span class='ocrx_word' id='word_1_117' title='bbox 275 1289 397 1334; x_wconf 82' lang='lat' dir='ltr'>obedirent.</span> <span class='ocrx_word' id='word_1_118' title='bbox 432 1285 521 1334; x_wconf 90' lang='lat' dir='ltr'>Cuncta</span> <span class='ocrx_word' id='word_1_119' title='bbox 532 1293 608 1332; x_wconf 88' lang='lat' dir='ltr'>tamen</span> <span class='ocrx_word' id='word_1_120' title='bbox 620 1287 648 1332; x_wconf 89' lang='lat' dir='ltr'>ad</span> <span class='ocrx_word' id='word_1_121' title='bbox 658 1287 730 1350; x_wconf 89' lang='lat' dir='ltr'>impe·</span> 
     </span>
     <span class='ocr_line' id='line_1_19' title="bbox 62 1351 801 1415; baseline -0.004 -13"><span class='ocrx_word' id='word_1_122' title='bbox 62 1367 161 1402; x_wconf 83' lang='lat' dir='ltr'>satorem</span> <span class='ocrx_word' id='word_1_123' title='bbox 181 1356 204 1401; x_wconf 91' lang='lat' dir='ltr'>in</span> <span class='ocrx_word' id='word_1_124' title='bbox 222 1354 312 1400; x_wconf 90' lang='lat' dir='ltr'>mollius</span> <span class='ocrx_word' id='word_1_125' title='bbox 332 1354 416 1399; x_wconf 87' lang='lat' dir='ltr'>relata·</span> <span class='ocrx_word' id='word_1_126' title='bbox 436 1352 585 1412; x_wconf 88' lang='lat' dir='ltr'>detentusque</span> <span class='ocrx_word' id='word_1_127' title='bbox 603 1351 668 1398; x_wconf 90' lang='lat' dir='ltr'>rebus</span> <span class='ocrx_word' id='word_1_128' title='bbox 687 1368 729 1415; x_wconf 81' lang='lat' dir='ltr'>ge·</span> <span class='ocrx_word' id='word_1_129' title='bbox 799 1352 801 1357; x_wconf 82' lang='grc'><strong>’</strong></span> 
     </span>
     <span class='ocr_line' id='line_1_20' title="bbox 62 1417 729 1479; baseline 0 -13"><span class='ocrx_word' id='word_1_130' title='bbox 62 1422 138 1467; x_wconf 89' lang='lat' dir='ltr'>rendis</span> <span class='ocrx_word' id='word_1_131' title='bbox 150 1420 279 1473; x_wconf 85' lang='lat' dir='ltr'>Suetonius,</span> <span class='ocrx_word' id='word_1_132' title='bbox 296 1418 356 1479; x_wconf 92' lang='lat' dir='ltr'>quod</span> <span class='ocrx_word' id='word_1_133' title='bbox 368 1425 420 1478; x_wconf 87' lang='lat' dir='ltr'>post</span> <span class='ocrx_word' id='word_1_134' title='bbox 433 1432 515 1478; x_wconf 85' lang='lat' dir='ltr'>paucas</span> <span class='ocrx_word' id='word_1_135' title='bbox 532 1432 602 1462; x_wconf 87' lang='lat' dir='ltr'>naves</span> <span class='ocrx_word' id='word_1_136' title='bbox 624 1417 647 1463; x_wconf 92' lang='lat' dir='ltr'>in</span> <span class='ocrx_word' id='word_1_137' title='bbox 663 1418 729 1466; x_wconf 87' lang='lat' dir='ltr'>litore</span> 
     </span>
     <span class='ocr_line' id='line_1_21' title="bbox 61 1482 727 1548; baseline -0.003 -16"><span class='ocrx_word' id='word_1_138' title='bbox 61 1486 226 1548; x_wconf 82' lang='lat' dir='ltr'>remigiumque</span> <span class='ocrx_word' id='word_1_139' title='bbox 238 1485 260 1530; x_wconf 90' lang='lat' dir='ltr'>in</span> <span class='ocrx_word' id='word_1_140' title='bbox 272 1485 299 1530; x_wconf 89' lang='lat' dir='ltr'>iis</span> <span class='ocrx_word' id='word_1_141' title='bbox 311 1484 422 1536; x_wconf 90' lang='lat' dir='ltr'>amiserat,</span> <span class='ocrx_word' id='word_1_142' title='bbox 433 1489 547 1543; x_wconf 87' lang='lat' dir='ltr'>tamquam</span> <span class='ocrx_word' id='word_1_143' title='bbox 559 1482 653 1529; x_wconf 90' lang='lat' dir='ltr'>durante</span> <span class='ocrx_word' id='word_1_144' title='bbox 661 1483 727 1539; x_wconf 88' lang='lat' dir='ltr'>bello,</span> 
     </span>
     <span class='ocr_line' id='line_1_22' title="bbox 52 1546 728 1622; baseline -0.003 -24"><span class='ocrx_word' id='word_1_145' title='bbox 52 1552 149 1598; x_wconf 66' lang='lat' dir='ltr'>tradere</span> <span class='ocrx_word' id='word_1_146' title='bbox 160 1549 284 1596; x_wconf 85' lang='lat' dir='ltr'>exercitum</span> <span class='ocrx_word' id='word_1_147' title='bbox 297 1548 405 1595; x_wconf 88' lang='lat' dir='ltr'>Petronio</span> <span class='ocrx_word' id='word_1_148' title='bbox 416 1546 554 1622; x_wconf 87' lang='lat' dir='ltr'>Turpiliano,</span> <span class='ocrx_word' id='word_1_149' title='bbox 567 1548 604 1608; x_wconf 91' lang='lat' dir='ltr'>qui</span> <span class='ocrx_word' id='word_1_150' title='bbox 611 1549 661 1608; x_wconf 87' lang='lat' dir='ltr'>Jam</span> <span class='ocrx_word' id='word_1_151' title='bbox 673 1565 728 1596; x_wconf 92' lang='lat' dir='ltr'>con·</span> 
     </span>
     <span class='ocr_line' id='line_1_23' title="bbox 53 1611 727 1688; baseline -0.004 -24"><span class='ocrx_word' id='word_1_152' title='bbox 53 1616 136 1664; x_wconf 76' lang='lat' dir='ltr'>sarlato</span> <span class='ocrx_word' id='word_1_153' title='bbox 148 1617 238 1668; x_wconf 87' lang='lat' dir='ltr'>abierat,</span> <span class='ocrx_word' id='word_1_154' title='bbox 253 1616 352 1675; x_wconf 85' lang='lat' dir='ltr'>jubetur.</span> <span class='ocrx_word' id='word_1_155' title='bbox 386 1611 417 1666; x_wconf 85' lang='lat' dir='ltr'>Is,</span> <span class='ocrx_word' id='word_1_156' title='bbox 436 1627 482 1658; x_wconf 91' lang='lat' dir='ltr'>non</span> <span class='ocrx_word' id='word_1_157' title='bbox 500 1613 586 1658; x_wconf 89' lang='lat' dir='ltr'>irritato</span> <span class='ocrx_word' id='word_1_158' title='bbox 598 1613 669 1688; x_wconf 76' lang='lat' dir='ltr'>boste,</span> <span class='ocrx_word' id='word_1_159' title='bbox 686 1630 727 1661; x_wconf 63' lang='lat' dir='ltr'>nen</span> 
     </span>
     <span class='ocr_line' id='line_1_24' title="bbox 18 1678 726 1743; baseline -0.006 -14"><span class='ocrx_word' id='word_1_160' title='bbox 18 1678 21 1693; x_wconf 88' lang='lat'>&#39;</span> <span class='ocrx_word' id='word_1_161' title='bbox 58 1697 104 1743; x_wconf 90' lang='lat' dir='ltr'>que</span> <span class='ocrx_word' id='word_1_162' title='bbox 115 1681 241 1736; x_wconf 84' lang='lat' dir='ltr'>lacessitus,</span> <span class='ocrx_word' id='word_1_163' title='bbox 254 1681 373 1725; x_wconf 90' lang='lat' dir='ltr'>honestum</span> <span class='ocrx_word' id='word_1_164' title='bbox 385 1678 445 1740; x_wconf 87' lang='lat' dir='ltr'>pacis</span> <span class='ocrx_word' id='word_1_165' title='bbox 453 1691 537 1724; x_wconf 90' lang='lat' dir='ltr'>nomen</span> <span class='ocrx_word' id='word_1_166' title='bbox 548 1679 614 1739; x_wconf 87' lang='lat' dir='ltr'>segni</span> <span class='ocrx_word' id='word_1_167' title='bbox 625 1679 672 1725; x_wconf 88' lang='lat' dir='ltr'>otio</span> <span class='ocrx_word' id='word_1_168' title='bbox 683 1679 726 1725; x_wconf 90' lang='lat' dir='ltr'>im-</span> 
     </span>
     <span class='ocr_line' id='line_1_25' title="bbox 88 1748 141 1794; baseline -0.038 0"><span class='ocrx_word' id='word_1_169' title='bbox 88 1748 141 1794; x_wconf 79' lang='lat' dir='ltr'>suit.</span> 
     </span>
     <span class='ocr_line' id='line_1_26' title="bbox 57 1763 728 1871; baseline -0.003 -12"><span class='ocrx_word' id='word_1_170' title='bbox 57 1763 148 1859; x_wconf 76' lang='lat' dir='ltr'>poXL.</span> <span class='ocrx_word' id='word_1_171' title='bbox 165 1809 254 1858; x_wconf 85' lang='lat' dir='ltr'>Eodem</span> <span class='ocrx_word' id='word_1_172' title='bbox 266 1827 325 1857; x_wconf 92' lang='lat' dir='ltr'>anno</span> <span class='ocrx_word' id='word_1_173' title='bbox 345 1809 453 1857; x_wconf 90' lang='lat' dir='ltr'>Romae</span> <span class='ocrx_word' id='word_1_174' title='bbox 447 1810 546 1871; x_wconf 80' lang='lat' dir='ltr'>insignia</span> <span class='ocrx_word' id='word_1_175' title='bbox 564 1803 666 1864; x_wconf 87' lang='lat' dir='ltr'>scelera,</span> <span class='ocrx_word' id='word_1_176' title='bbox 673 1811 728 1857; x_wconf 89' lang='lat' dir='ltr'>alte-</span> 
     </span>
     <span class='ocr_line' id='line_1_27' title="bbox 57 1873 728 1930; baseline -0.006 -6"><span class='ocrx_word' id='word_1_177' title='bbox 57 1893 108 1924; x_wconf 86' lang='lat' dir='ltr'>rum</span> <span class='ocrx_word' id='word_1_178' title='bbox 122 1878 239 1930; x_wconf 83' lang='lat' dir='ltr'>senatoris,</span> <span class='ocrx_word' id='word_1_179' title='bbox 252 1878 325 1923; x_wconf 79' lang='lat' dir='ltr'>sertili</span> <span class='ocrx_word' id='word_1_180' title='bbox 338 1876 431 1923; x_wconf 78' lang='lat' dir='ltr'>alterum</span> <span class='ocrx_word' id='word_1_181' title='bbox 448 1873 547 1930; x_wconf 74' lang='lat' dir='ltr'>audaciis,</span> <span class='ocrx_word' id='word_1_182' title='bbox 559 1875 657 1921; x_wconf 89' lang='lat' dir='ltr'>admissa</span> <span class='ocrx_word' id='word_1_183' title='bbox 669 1883 728 1921; x_wconf 85' lang='lat' dir='ltr'>sunt.</span> 
     </span>
     <span class='ocr_line' id='line_1_28' title="bbox 48 1939 725 2018; baseline -0.007 -28"><span class='ocrx_word' id='word_1_184' title='bbox 48 1942 178 1990; x_wconf 83' lang='lat' dir='ltr'>&#39;Domitius</span> <span class='ocrx_word' id='word_1_185' title='bbox 189 1941 275 1988; x_wconf 88' lang='lat' dir='ltr'>Balbus</span> <span class='ocrx_word' id='word_1_186' title='bbox 286 1950 334 1987; x_wconf 84' lang='lat' dir='ltr'>erut</span> <span class='ocrx_word' id='word_1_187' title='bbox 349 1942 478 2018; x_wconf 82' lang='lat' dir='ltr'>praetorius,</span> <span class='ocrx_word' id='word_1_188' title='bbox 489 1940 554 1985; x_wconf 88' lang='lat' dir='ltr'>simul</span> <span class='ocrx_word' id='word_1_189' title='bbox 566 1939 636 2002; x_wconf 75' lang='lat' dir='ltr'>longi</span> <span class='ocrx_word' id='word_1_190' title='bbox 647 1955 725 1986; x_wconf 85' lang='lat' dir='ltr'>senec·</span> 
     </span>
     <span class='ocr_line' id='line_1_29' title="bbox 49 2003 725 2068; baseline -0.006 -14"><span class='ocrx_word' id='word_1_191' title='bbox 49 2006 87 2062; x_wconf 80' lang='lat' dir='ltr'>-td,</span> <span class='ocrx_word' id='word_1_192' title='bbox 108 2008 176 2054; x_wconf 88' lang='lat' dir='ltr'>simul</span> <span class='ocrx_word' id='word_1_193' title='bbox 194 2007 288 2053; x_wconf 88' lang='lat' dir='ltr'>orbitate</span> <span class='ocrx_word' id='word_1_194' title='bbox 305 2016 328 2053; x_wconf 86' lang='lat' dir='ltr'>ct</span> <span class='ocrx_word' id='word_1_195' title='bbox 339 2003 433 2068; x_wconf 90' lang='lat' dir='ltr'>pecunia</span> <span class='ocrx_word' id='word_1_196' title='bbox 447 2005 533 2050; x_wconf 88' lang='lat' dir='ltr'>insidiis</span> <span class='ocrx_word' id='word_1_197' title='bbox 544 2006 661 2050; x_wconf 85' lang='lat' dir='ltr'>obnoxius.</span> <span class='ocrx_word' id='word_1_198' title='bbox 694 2004 725 2050; x_wconf 90' lang='lat' dir='ltr'>Ei</span> 
     </span>
     <span class='ocr_line' id='line_1_30' title="bbox 55 2070 723 2136; baseline -0.006 -17"><span class='ocrx_word' id='word_1_199' title='bbox 55 2074 196 2136; x_wconf 91' lang='lat' dir='ltr'>propinquus</span> <span class='ocrx_word' id='word_1_200' title='bbox 208 2071 314 2124; x_wconf 77' lang='lat' dir='ltr'>Valerius</span> <span class='ocrx_word' id='word_1_201' title='bbox 334 2070 453 2124; x_wconf 85' lang='lat' dir='ltr'>Fabianus,</span> <span class='ocrx_word' id='word_1_202' title='bbox 472 2070 615 2128; x_wconf 87' lang='lat' dir='ltr'>capessendis</span> <span class='ocrx_word' id='word_1_203' title='bbox 632 2070 723 2115; x_wconf 89' lang='lat' dir='ltr'>bonori-</span> 
     </span>
     <span class='ocr_line' id='line_1_31' title="bbox 34 2134 724 2194; baseline -0.006 -10"><span class='ocrx_word' id='word_1_204' title='bbox 34 2180 41 2194; x_wconf 74' lang='grc'><strong>,</strong></span> <span class='ocrx_word' id='word_1_205' title='bbox 54 2138 97 2184; x_wconf 89' lang='lat' dir='ltr'>bus</span> <span class='ocrx_word' id='word_1_206' title='bbox 109 2137 241 2190; x_wconf 85' lang='lat' dir='ltr'>destinatus,</span> <span class='ocrx_word' id='word_1_207' title='bbox 259 2137 356 2182; x_wconf 90' lang='lat' dir='ltr'>subdidit</span> <span class='ocrx_word' id='word_1_208' title='bbox 370 2142 537 2187; x_wconf 89' lang='lat' dir='ltr'>testamentum,</span> <span class='ocrx_word' id='word_1_209' title='bbox 555 2134 646 2179; x_wconf 79' lang='lat' dir='ltr'>adscitis</span> <span class='ocrx_word' id='word_1_210' title='bbox 658 2134 687 2178; x_wconf 61' lang='grc' dir='ltr'>γ’</span> <span class='ocrx_word' id='word_1_211' title='bbox 682 2135 724 2180; x_wconf 91' lang='lat' dir='ltr'>mi·</span> 
     </span>
     <span class='ocr_line' id='line_1_32' title="bbox 54 2198 725 2258; baseline -0.005 -9"><span class='ocrx_word' id='word_1_212' title='bbox 54 2203 91 2250; x_wconf 88' lang='lat' dir='ltr'>cio</span> <span class='ocrx_word' id='word_1_213' title='bbox 103 2201 197 2254; x_wconf 86' lang='lat' dir='ltr'>Rufino,</span> <span class='ocrx_word' id='word_1_214' title='bbox 208 2209 232 2248; x_wconf 90' lang='lat' dir='ltr'>et</span> <span class='ocrx_word' id='word_1_215' title='bbox 239 2201 349 2247; x_wconf 83' lang='lat' dir='ltr'>Terentio</span> <span class='ocrx_word' id='word_1_216' title='bbox 361 2199 467 2253; x_wconf 90' lang='lat' dir='ltr'>Lentino,</span> <span class='ocrx_word' id='word_1_217' title='bbox 479 2200 590 2258; x_wconf 87' lang='lat' dir='ltr'>equitibus</span> <span class='ocrx_word' id='word_1_218' title='bbox 607 2198 725 2246; x_wconf 86' lang='lat' dir='ltr'>Romanis.</span> 
     </span>
     <span class='ocr_line' id='line_1_33' title="bbox 46 2256 723 2316; baseline -0.006 -2"><span class='ocrx_word' id='word_1_219' title='bbox 46 2266 92 2316; x_wconf 86' lang='lat' dir='ltr'>-Illi</span> <span class='ocrx_word' id='word_1_220' title='bbox 105 2256 233 2313; x_wconf 86' lang='lat' dir='ltr'>Antonium</span> <span class='ocrx_word' id='word_1_221' title='bbox 243 2266 345 2313; x_wconf 90' lang='lat' dir='ltr'>Primum</span> <span class='ocrx_word' id='word_1_222' title='bbox 354 2274 377 2311; x_wconf 91' lang='lat' dir='ltr'>et</span> <span class='ocrx_word' id='word_1_223' title='bbox 389 2265 494 2310; x_wconf 80' lang='lat' dir='ltr'>Asinium</span> <span class='ocrx_word' id='word_1_224' title='bbox 504 2264 639 2309; x_wconf 88' lang='lat' dir='ltr'>Marcellum</span> <span class='ocrx_word' id='word_1_225' title='bbox 651 2267 723 2310; x_wconf 85' lang='lat' dir='ltr'>socia·</span> 
     </span>
     <span class='ocr_line' id='line_1_34' title="bbox 45 2327 722 2390; baseline -0.009 -9"><span class='ocrx_word' id='word_1_226' title='bbox 45 2341 142 2382; x_wconf 81' lang='lat' dir='ltr'>¹verant.</span> <span class='ocrx_word' id='word_1_227' title='bbox 175 2332 290 2379; x_wconf 88' lang='lat' dir='ltr'>Antonius</span> <span class='ocrx_word' id='word_1_228' title='bbox 301 2327 393 2377; x_wconf 78' lang='lat' dir='ltr'>audaciis</span> <span class='ocrx_word' id='word_1_229' title='bbox 404 2338 521 2390; x_wconf 88' lang='lat' dir='ltr'>promtus;</span> <span class='ocrx_word' id='word_1_230' title='bbox 534 2329 659 2376; x_wconf 80' lang='lat' dir='ltr'>Marcellus</span> <span class='ocrx_word' id='word_1_231' title='bbox 668 2329 722 2375; x_wconf 87' lang='lat' dir='ltr'>Asi·</span> 
     </span>
     <span class='ocr_line' id='line_1_35' title="bbox 51 2396 722 2458; baseline -0.007 -13"><span class='ocrx_word' id='word_1_232' title='bbox 51 2399 92 2446; x_wconf 92' lang='lat' dir='ltr'>nio</span> <span class='ocrx_word' id='word_1_233' title='bbox 105 2396 211 2444; x_wconf 88' lang='lat' dir='ltr'>Pollione</span> <span class='ocrx_word' id='word_1_234' title='bbox 222 2412 307 2458; x_wconf 84' lang='lat' dir='ltr'>proavo</span> <span class='ocrx_word' id='word_1_235' title='bbox 325 2397 404 2448; x_wconf 89' lang='lat' dir='ltr'>clarus,</span> <span class='ocrx_word' id='word_1_236' title='bbox 425 2410 499 2454; x_wconf 91' lang='lat' dir='ltr'>neque</span> <span class='ocrx_word' id='word_1_237' title='bbox 513 2409 602 2439; x_wconf 91' lang='lat' dir='ltr'>morum</span> <span class='ocrx_word' id='word_1_238' title='bbox 615 2409 722 2454; x_wconf 84' lang='lat' dir='ltr'>spernen-</span> 
     </span>
     <span class='ocr_line' id='line_1_36' title="bbox 51 2459 722 2522; baseline -0.006 -12"><span class='ocrx_word' id='word_1_239' title='bbox 51 2465 96 2510; x_wconf 89' lang='lat' dir='ltr'>dus</span> <span class='ocrx_word' id='word_1_240' title='bbox 116 2463 243 2516; x_wconf 86' lang='lat' dir='ltr'>habebatur,</span> <span class='ocrx_word' id='word_1_241' title='bbox 266 2463 309 2507; x_wconf 92' lang='lat' dir='ltr'>nisi</span> <span class='ocrx_word' id='word_1_242' title='bbox 332 2461 392 2520; x_wconf 91' lang='lat' dir='ltr'>quod</span> <span class='ocrx_word' id='word_1_243' title='bbox 411 2468 565 2522; x_wconf 86' lang='lat' dir='ltr'>paupertatem</span> <span class='ocrx_word' id='word_1_244' title='bbox 585 2459 722 2520; x_wconf 81' lang='lat' dir='ltr'>praecipuum</span> 
     </span>
     <span class='ocr_line' id='line_1_37' title="bbox 49 2524 723 2586; baseline -0.007 -10"><span class='ocrx_word' id='word_1_245' title='bbox 49 2529 164 2576; x_wconf 82' lang='lat' dir='ltr'>malorum</span> <span class='ocrx_word' id='word_1_246' title='bbox 173 2527 284 2574; x_wconf 76' lang='lat' dir='ltr'>credebat.</span> <span class='ocrx_word' id='word_1_247' title='bbox 311 2524 387 2586; x_wconf 83' lang='lat' dir='ltr'>Igitur</span> <span class='ocrx_word' id='word_1_248' title='bbox 399 2525 511 2571; x_wconf 88' lang='lat' dir='ltr'>Fabianus</span> <span class='ocrx_word' id='word_1_249' title='bbox 523 2525 609 2570; x_wconf 85' lang='lat' dir='ltr'>tabulas</span> <span class='ocrx_word' id='word_1_250' title='bbox 619 2524 652 2577; x_wconf 84' lang='lat' dir='ltr'>iis,</span> <span class='ocrx_word' id='word_1_251' title='bbox 664 2540 723 2583; x_wconf 89' lang='lat' dir='ltr'>quos</span> 
     </span>
     <span class='ocr_line' id='line_1_38' title="bbox 41 2588 741 2654; baseline -0.009 -15"><span class='ocrx_word' id='word_1_252' title='bbox 41 2593 180 2646; x_wconf 49' lang='lat' dir='ltr'>‚memorari</span> <span class='ocrx_word' id='word_1_253' title='bbox 197 2600 221 2639; x_wconf 89' lang='lat' dir='ltr'>et</span> <span class='ocrx_word' id='word_1_254' title='bbox 231 2592 282 2638; x_wconf 86' lang='lat' dir='ltr'>aliis</span> <span class='ocrx_word' id='word_1_255' title='bbox 293 2593 370 2640; x_wconf 91' lang='lat' dir='ltr'>minus</span> <span class='ocrx_word' id='word_1_256' title='bbox 381 2591 518 2648; x_wconf 86' lang='lat' dir='ltr'>illustribus,</span> <span class='ocrx_word' id='word_1_257' title='bbox 529 2591 639 2654; x_wconf 68' lang='lat' dir='ltr'>obsignat</span> <span class='ocrx_word' id='word_1_258' title='bbox 644 2606 654 2635; x_wconf 73' lang='lat'>¹.</span> <span class='ocrx_word' id='word_1_259' title='bbox 672 2588 741 2648; x_wconf 70' lang='lat' dir='ltr'>quob</span> 
     </span>
     <span class='ocr_line' id='line_1_39' title="bbox 34 2655 760 2716; baseline -0.01 -2"><span class='ocrx_word' id='word_1_260' title='bbox 34 2655 100 2714; x_wconf 60' lang='grc' dir='ltr'>ῬΜ</span> <span class='ocrx_word' id='word_1_261' title='bbox 114 2663 195 2714; x_wconf 76' lang='lat' dir='ltr'>patres</span> <span class='ocrx_word' id='word_1_262' title='bbox 213 2660 368 2711; x_wconf 80' lang='lat' dir='ltr'>convictum:</span> <span class='ocrx_word' id='word_1_263' title='bbox 390 2670 415 2712; x_wconf 90' lang='lat' dir='ltr'>et</span> <span class='ocrx_word' id='word_1_264' title='bbox 427 2660 555 2713; x_wconf 77' lang='lat' dir='ltr'>Fabianus</span> <span class='ocrx_word' id='word_1_265' title='bbox 576 2655 760 2716; x_wconf 56' lang='lat' dir='ltr'>sasantinae,</span> 
     </span>
     <span class='ocr_line' id='line_1_40' title="bbox 58 2730 554 2779; baseline 0.004 -17"><span class='ocrx_word' id='word_1_266' title='bbox 58 2730 148 2766; x_wconf 72' lang='lat' dir='ltr'>roms.</span> <span class='ocrx_word' id='word_1_267' title='bbox 541 2745 554 2779; x_wconf 86' lang='lat' dir='ltr'>t</span> 
     </span>
    </p>
   </div>
   <div class='ocr_carea' id='block_1_3' title="bbox 0 0 844 3188">
    <p class='ocr_par' dir='ltr' id='par_1_3' title="bbox 0 0 844 3188">
     <span class='ocr_line' id='line_1_41' title="bbox 0 0 844 3188; baseline 0 6"><span class='ocrx_word' id='word_1_268' title='bbox 0 0 844 3188; x_wconf 95' lang='lat' dir='ltr'> </span> 
     </span>
    </p>
   </div>
  </div>
 </body>
</html>
