1680 3188
207 143 403 197 (tunulum.
422 138 536 198 cusssss
658 155 708 204 ms

33 277 144 341 siquidem
163 277 239 331 colles,
258 279 409 340 paulatimque
428 287 558 328 rarescunt:
584 288 607 328 et
624 279 706 334 Cattos
770 271 773 276 ’

32 359 88 394 suos
105 343 175 390 saltus
195 341 327 402 Hercynius
342 346 483 406 prosequitur
498 346 565 392 simul
581 353 648 409 atque
664 350 705 397 de·

32 410 105 474 ponit.
139 405 240 453 Duriora
253 409 317 468 genti
336 424 434 471 corpora,
454 410 525 456 stricti
540 419 609 466 artus,
626 415 705 462 minax

31 475 117 528 vultus,
138 479 162 518 et
180 473 250 533 major
269 473 337 518 enimi
356 475 429 536 vigor.
463 474 564 521 Multum
586 478 622 539 (ut
644 479 704 526 iuter

33 534 176 597 Gennunos)
188 536 280 582 rationis
291 551 317 583 ac
329 538 448 586 sollertiae:
467 554 599 601 praeponerc
609 543 703 600 electos,

31 604 111 653 audire
128 601 268 662 praepositos,
290 598 358 649 ndsse
376 605 471 659 ordines,
491 605 617 666 intelligere
635 623 703 655 occe-

32 670 115 720 slones,
128 665 217 712 differre
226 666 331 727 impetus,
342 667 460 729 disponere
470 669 536 722 diem,
548 670 632 717 vallare
646 686 702 720 noc-¹

32 739 88 787 tem,
98 730 212 777 fortunam
229 731 287 777 inter
298 732 369 784 dubia,
384 734 490 780 virtutem
506 735 565 780 inter
581 742 642 783 certe
658 752 701 784 uu·

31 811 134 845 merore:
153 796 258 856 quodque
268 797 412 852 rarissimum,
424 796 465 845 n'ec
476 799 519 844 nisi
536 799 622 846 ratione
633 801 700 849 disci-'

31 863 101 926 pliuae
118 875 258 915 concessum,
277 860 328 922 plus
345 877 453 923 reponere
469 863 493 909 in
511 863 573 918 duce,
592 880 657 925 quam
676 867 700 914 in

31 927 140 976 exercitu.
174 924 249 971 Omne
260 925 326 971 robur
337 927 360 972 iu
371 928 451 987 pedite,
464 943 537 988 quem,
549 943 617 990 super
632 945 703 989 anua,

30 991 173 1040 ferramentis
184 1004 273 1050 quoque
283 997 307 1036 et
317 992 386 1053 copiis
397 1000 497 1039 onerant.
522 993 588 1040 Alios
599 995 627 1040 ad
638 1010 700 1056 proe·

31 1059 88 1106 lium
99 1057 133 1102 ire
144 1055 226 1109 videas,
239 1052 320 1102 Cattos
331 1057 358 1102 ad
369 1056 459 1103 bellum.
484 1056 540 1103 Rari
552 1072 666 1116 excursus,
678 1067 702 1109 et

30 1122 126 1172 fortuita
147 1134 230 1182 pugna.
263 1119 409 1180 Equestrium
429 1136 484 1168 sune
501 1121 582 1168 virium
601 1124 624 1169 id
646 1140 700 1186 pro·

29 1188 112 1252 prium,
124 1185 170 1231 cito
181 1199 259 1244 parare
271 1186 393 1238 victoriam,
404 1185 450 1232 cito
464 1186 549 1233 cedere.
583 1186 700 1238 Velocius

25 1255 94 1318 Juxta
104 1249 254 1302 formidinem,
266 1249 380 1296 cunctatio
390 1250 480 1311 propior
490 1252 623 1298 coustantiae
634 1259 677 1300 est.

64 1312 165 1363 XXXI.
181 1313 214 1359 Et
225 1314 274 1360 aliis
286 1313 450 1360 Germanorum
464 1316 553 1376 populis
567 1325 697 1378 usurpatum

28 1381 81 1432 ma
96 1388 120 1427 et
135 1376 223 1441 privatis
241 1379 349 1441 cujusque
366 1377 476 1434 audentii,
493 1379 551 1440 apud
571 1378 652 1428 Cattos
672 1384 696 1430 in

29 1460 167 1496 consensum
186 1444 261 1499 vertit,
284 1450 309 1489 ut
329 1443 426 1505 primurn
448 1444 592 1499 adoleverint,
612 1446 698 1494 crinem

28 1515 165 1570 barbamque
181 1508 317 1561 submittere,
333 1523 381 1562 nec,
397 1508 440 1555 nisi
456 1510 522 1556 hoste
537 1524 604 1564 caeso,
616 1525 700 1560 exuere

28 1577 133 1626 votivum
150 1574 318 1634 obligatumque
331 1574 408 1619 virtuti
425 1572 470 1620 oris
486 1575 592 1621 habiturn.
625 1575 699 1638 Super

29 1642 163 1704 ssuguinem
183 1646 207 1684 et
226 1638 296 1699 spolia
312 1639 412 1684 revelant
426 1636 541 1696 frontem3
564 1654 632 1700 seque
648 1648 698 1688 turn

21 1709 121 1756 -rlemum
131 1703 203 1767 pretia
214 1704 318 1750 nascendi
334 1702 441 1757 retulisse,
454 1703 578 1765 dignosque
588 1703 697 1766 patrituo

26 1772 158 1835 perentibus
167 1767 250 1814 ferunt.
269 1766 362 1829 Ignavis
373 1775 397 1814 et
407 1768 531 1815 imbellibus
541 1777 618 1816 manet
628 1785 695 1832 sque·

26 1839 69 1886 lor.
104 1833 250 1882 Fortissimus
261 1837 355 1893 quisque
370 1833 467 1879 ferreum
484 1833 575 1895 insuper
588 1836 698 1882 annulum

27 1901 216 1966 (ignominiosum
233 1899 255 1943 id
266 1896 341 1960 genti)
355 1897 418 1944 velut
428 1897 543 1944 vinculum
559 1906 640 1960 gestat,
652 1899 694 1946 do-
767 1908 770 1917 '

25 1982 69 2015 nec
81 1981 105 2013 se
116 1965 179 2010 caede
188 1964 260 2009 bostis
270 1963 377 2009 absolvet.
408 1961 515 2009 Plurimis
527 1961 645 2011 Cattorum
656 1965 694 2012 hic

26 2033 101 2096 placet
111 2029 206 2076 babitus.
239 2026 337 2088 Jamque
347 2033 430 2074 canent
440 2027 548 2089 insignes,
560 2034 583 2073 et
594 2029 695 2076 hostibus

26 2097 93 2145 simul
105 2095 196 2155 suisque
211 2092 337 2139 monstrati.
368 2091 477 2137 Omnium
492 2106 561 2152 penes
578 2093 620 2138 hos
630 2093 695 2141 initia

25 2175 169 2227 pugnarum:
192 2159 242 2204 haec
261 2157 332 2220 prima
351 2171 439 2217 semper
458 2156 523 2212 ecies,
543 2156 593 2202 visu
613 2163 692 2219 torus:

26 2242 78 2274 nem
91 2239 120 2271 ue
131 2225 154 2270 iu
169 2237 224 2285 puce
235 2224 324 2283 quidem
340 2221 405 2269 vultu
421 2221 510 2268 mitiore
525 2229 696 2269 mansuescunt.
736 2273 739 2279 .

24 2291 91 2339 Nulli
110 2289 197 2342 domus,
214 2294 253 2334 eut
272 2302 332 2349 ager,
349 2293 388 2333 aut
406 2287 479 2347 aliqua
495 2300 562 2332 cura:
581 2293 648 2348 prout
664 2287 693 2334 ud

24 2369 137 2419 quemque
153 2349 242 2407 vendre,
261 2353 364 2399 aluntur:
386 2351 474 2414 prodigi
493 2350 568 2407 alieni,
589 2358 692 2398 coutem-

23 2428 86 2470 tores
102 2418 151 2474 sui;
169 2417 240 2465 donec
251 2418 373 2479 exsanguis
388 2424 492 2464 senectus
508 2423 554 2462 tam
568 2416 632 2462 durae
646 2415 693 2463 vir·

23 2487 67 2535 tuti
78 2485 175 2545 imperes
185 2481 260 2528 iaciat.

56 2545 172 2596 XXXII.
187 2545 289 2592 Proximi
301 2543 375 2595 Cattis
389 2551 475 2593 certum
487 2545 535 2607 jtm
551 2544 616 2592 alveo
627 2541 693 2595 Rbe-

14 2628 78 2667 nm,
91 2613 177 2672 quique
188 2612 301 2663 terminus
312 2629 365 2664 esse
376 2612 484 2669 suilic'mt,
490 2610 576 2674 usqu
586 2609 707 2658 Μω-

10 2677 57 2735 mri,
68 2677 160 2727 colunt.
189 2677 313 2746 Tencteri,
323 2699 395 2752 super
408 2677 637 2737 solutumbellomm
644 2673 734 2722 bem*
