1680 3188
116 165 164 207 104
197 155 636 208 ANNALIUMLu.Xv.Cn.1n.
659 160 781 206 ummo.

117 291 238 338 sententiae
249 291 353 353 indigens
363 292 484 347 videretur,
499 292 522 336 in
534 291 622 339 diversa
633 308 659 339 ac
676 293 788 341 deteriora

115 357 233 404 transibat.
265 355 300 404 Et
307 364 368 411 tuuc,
380 356 464 403 relictis
474 356 579 412 hibernis,
590 373 637 405 non
646 357 734 406 fossam
745 374 786 407 ne·

117 436 163 484 que
173 421 258 468 nullum
270 422 318 477 sibi,
330 422 370 469 sed
381 437 475 484 corpora
484 429 508 468 et
518 436 581 470 arma
591 424 615 469 in
625 425 716 470 hostem
727 425 785 481 duta,

116 486 243 543 clamitans,
262 487 328 534 duxit
343 487 452 550 legiones,
472 487 535 548 quasi
552 488 632 550 proelio
650 494 786 537 certaturus.

116 550 217 607 Deinde,
232 553 316 600 amisso
325 553 458 600 centurione
473 558 497 599 et
510 553 587 614 paucis
598 553 714 609 militibus,
729 568 787 616 qnos

100 656 106 666 .
116 617 218 665 visendis
224 619 323 666 bostium
331 618 401 680 copiis
408 618 553 679 premiserat,
561 618 662 680 trepidus
670 620 787 667 minavit.

117 681 159 740 Et,
179 684 232 744 quia
249 684 325 730 minus
343 683 424 729 acriter
443 682 572 744 Vologeses
588 684 707 738 institerat,
727 683 788 732 vani

116 764 197 796 rursus
217 747 305 805 iiducii,
327 749 371 796 tria
391 748 462 794 millia
481 748 561 794 delecti
580 749 660 811 peditis
681 749 788 810 proximu

118 812 190 862 Tauri
200 816 260 877 jugo
273 815 386 877 imposuit,
404 829 449 875 quo
463 814 583 860 transitum
598 815 659 876 regis
670 820 785 861 arcereuts

116 881 189 928 alares
205 894 296 942 quoque
312 879 449 934 Pannonios,
464 879 531 925 robur
545 877 664 939 equitatus,
683 879 708 925 in
724 888 789 940 parte

118 946 192 1007 campi
201 944 269 992 locut
303 943 396 1007 Conjux
406 960 432 991 ac
443 943 502 990 lilius
512 944 611 998 castello,
627 944 664 990 cui
675 943 787 992 Αιιιιιιο-

117 1017 168 1059 sata
177 1026 261 1058 nornen
273 1017 313 1065 est,
325 1011 400 1065 abditi,
412 1007 479 1056 dest·
473 1024 496 1056 ιιι
506 1009 637 1071 presidium
648 1010 750 1065 cohorte,
760 1024 788 1056 ac

118 1077 219 1138 disperso
230 1076 308 1130 milite,
325 1075 370 1136 qui,
387 1075 411 1120 in
427 1088 473 1120 uno
483 1073 578 1128 babitus,
594 1087 679 1135 vagum
697 1075 788 1121 bostem

116 1142 229 1218 promtius
243 1141 422 1188 sustentavisaet
457 1136 532 1205 AEgre
546 1138 688 1200 compulsum
703 1138 788 1196 ferunt,

117 1213 144 1254 ut
158 1207 279 1253 instantem
292 1204 415 1252 Corbuloni
425 1199 548 1250 fateretur:
568 1218 611 1251 nec
626 1219 640 1250 a
657 1202 789 1253 Corbulone

116 1268 790 1396 tttffitt⁰⁰slntllltttttinstit

117 1416 149 1449 ex
165 1351 238 1447 nibil
253 1399 386 1462 legionibus,
403 1406 427 1444 et
441 1399 523 1444 alarios
542 1399 692 1462 octingentos,
709 1413 789 1461 parem

117 1478 238 1514 numerum
249 1480 263 1510 e
274 1464 409 1519 cohortibus,
417 1464 502 1540 ιιιιιιι..

151 1529 199 1577 XI.
217 1530 251 1576 At
262 1528 397 1592 Vologeses,
413 1527 522 1589 quamvis,
540 1528 630 1576 obsessa
643 1542 658 1576 a
670 1527 739 1577 Pteto
749 1529 790 1576 iti·

117 1610 179 1652 nera,
191 1595 244 1641 hinc
254 1594 361 1657 peditatu,
371 1594 424 1641 inde
434 1593 516 1671 equite,
595 1595 658 1652 isset,
670 1595 788 1642 nibilmu·

117 1668 166 1710 tuto
178 1660 279 1716 consilio,
254 1594 366 1707 pedsed
343 1674 367 1705 vr
381 1673 408 1706 ac
418 1659 487 1705 minis
497 1607 696 1714 daliledxterrun,
712 1660 787 1723 legio·

117 1727 194 1776 uarios
211 1725 319 1782 obtrivit3
339 1739 385 1771 uno
403 1731 491 1770 tantum
510 1724 648 1778 centurione,
668 1723 788 1786 Tarquitio

118 1791 251 1847 Crescente,
262 1790 349 1844 turrim,
360 1788 384 1835 in
395 1804 440 1850 qua
427 1786 578 1851 presidium
589 1790 695 1852 agitabat,
707 1789 787 1839 oeten·

116 1858 172 1905 dere
182 1871 244 1911 auso,
255 1853 316 1902 fecti
326 1855 409 1916 sepius
422 1856 545 1916 eruptione,
560 1861 584 1901 et
595 1855 667 1910 cesis,
685 1870 724 1917 qur
717 1856 787 1903 bar·

116 1923 223 1970 bsrorum
231 1936 322 1984 proprus
330 1920 539 1982 suggredrebsntur
551 1920 635 1966 donec
629 1935 717 1982 rgnrtmr
720 1923 787 1984 jactu

116 1988 326 2036 circumveniretur
359 1983 465 2032 Peditum
473 1984 651 2063 srqursinteger
660 1985 787 2064 longinqua

116 2053 214 2110 etavia;
231 2052 349 2106 vulnerati,
361 2057 434 2097 castra
443 2047 584 2112 repetivere
601 2051 710 2097 virtutem
718 2051 786 2114 regu,

117 2088 229 2166 saevitiuin
241 2125 264 2164 et
274 2117 350 2179 copias
360 2117 470 2179 gentium,
482 2124 564 2162 cuncta
571 2121 634 2162 metu
642 2115 787 2172 extollentes,

113 2183 176 2232 facili
194 2182 325 2229 crediditate
340 2195 428 2238 eorum,
447 2181 485 2242 qui
499 2181 577 2227 eadem
595 2181 714 2242 pavebant.
747 2180 788 2228 Ne

116 2248 165 2297 dux
175 2249 264 2310 quidem
277 2247 347 2294 obniti
357 2246 463 2301 adversis,
475 2247 515 2293 aad
526 2251 607 2293 cuncta
613 2246 701 2293 milities
708 2246 788 2294 munia

116 2314 252 2369 deseruerat,
271 2312 346 2360 missis
361 2312 444 2358 iterum
460 2312 489 2358 ad
507 2310 660 2360 Corbulonem
674 2312 786 2374 precibus,

114 2379 205 2427 veniret
215 2392 316 2442 propere,
334 2378 399 2439 signa
410 2382 433 2423 et
443 2377 529 2438 aquilas
543 2383 567 2424 et
579 2390 663 2423 nomen
674 2377 786 2437 reliquum

116 2445 212 2491 infelicis
223 2443 336 2490 exercitiis
346 2448 459 2489 tueretur.
480 2457 506 2489 se
516 2442 601 2489 lidem'
595 2443 694 2499 interim,
712 2441 786 2489 donec

115 2510 164 2557 vita
175 2509 308 2572 suppeditet,
319 2514 453 2554 retenturos.
500 2554 502 2557 .

144 2570 207 2621 XII.
225 2572 287 2623 Ille'
281 2572 405 2630 interritus,
422 2581 448 2622 et
456 2579 522 2637 purte
535 2573 652 2634 copiarum
665 2572 725 2633 apud
739 2571 786 2632 Sy·

91 2637 159 2684 ulam
172 2640 266 2698 relictb,
277 2649 303 2690 ut
314 2640 467 2690 munimenta
473 2637 594 2702 Eupbratr
599 2635 801 2696 imposturetu-

86 2709 198 2767 rentur,
214 2707 269 2772 qut
280 2710 424 2776 proximum
435 2712 464 2758 et
471 2702 700 2757 commeatuum
705 2708 818 2758 egsum

16 2792 38 2861 q.
