1680 3188
96 155 197 204 J.c.59·
254 151 447 213 ANNALIUM
458 153 706 207 Lraxlllmnasa.
738 163 772 208 55

66 254 79 281 ⁴
100 284 192 330 eminus
203 283 320 346 inciperet.
353 285 399 333 Sed
410 288 519 349 oppidani,
537 289 607 349 portis
617 292 697 350 sponte
707 297 771 351 pate·

99 347 175 403 factis,
192 363 218 395 se
229 364 315 410 suaque
326 349 437 398 Romanis
451 351 584 414 permisere:
605 354 665 413 quod
676 355 769 402 salutern

99 413 156 475 ipsis
172 414 233 462 tulit,
266 415 382 462 Artaxatis
399 417 459 478 ignis
476 418 595 471 immissus,
613 419 728 480 deletaque
747 428 771 467 et

99 477 150 524 solo
169 478 289 539 adaequata
310 488 377 538 sunt;
400 483 452 541 quia
468 497 509 528 nec
529 483 606 537 teneri,
628 484 677 529 sine
695 485 769 531 valido

99 544 214 604 presidio,
233 545 262 589 ob
276 546 453 606 magnitudinem
470 548 590 604 moenium;
608 562 650 593 nec
665 548 688 593 id
704 550 769 596 nobis

99 608 182 654 virium
195 615 251 664 erat,
268 610 328 670 quod
343 609 452 657 firmando
466 612 578 673 praesidio,
596 618 618 657 et
633 615 769 673 capessendo

98 672 160 718 bello
175 673 326 720 divideretur:
346 675 389 729 vel,
406 676 424 720 si
444 676 532 738 integra
546 683 569 722 et
584 677 719 724 incustodita
733 695 769 725 re·

99 736 262 797 linquerentur,
283 739 344 786 nulla
362 741 385 786 in
400 756 428 785 eo
445 741 535 794 utilitas,
554 754 592 788 aut
611 741 689 803 gloria,
709 745 768 804 quod

99 811 165 863 capta
184 810 269 849 essent.
303 805 422 866 ¹Adjicitur
437 806 576 860 miraculum,
595 807 657 853 velut
673 809 765 854 numine

99 867 217 914 oblatum:
237 883 289 914 nam
301 877 381 916 cuncta
392 877 461 923 extra,
479 871 544 917 tectis
555 878 627 925 tenus,
646 872 693 918 sole
703 873 766 919 illus·

98 933 142 978 tria
161 929 242 989 [υὲτες
262 934 323 993 quod
340 935 453 981 moenibus
472 936 607 996 cingebatur,
627 937 659 982 ita
676 945 767 999 repente

97 994 148 1043 atra
159 998 219 1044 nube
227 1006 363 1058 coopertum,
374 999 544 1060 fulguribusque
552 1002 672 1046 discretum
681 1010 721 1056 est,
734 1011 765 1058 ut,

51 1097 53 1101 r
97 1064 164 1122 quasi
185 1061 347 1109 infensantibus
376 1064 429 1118 deis,
457 1065 526 1110 exitio
553 1066 610 1111 tradi
632 1067 767 1114 crederetur.

99 1125 136 1174 ob
153 1127 204 1172 haec
218 1127 373 1174 consalutatus
384 1126 516 1189 'imperator
526 1128 603 1175 Nero:
623 1145 651 1176 ex
663 1131 765 1193 senatils1

98 1192 205 1238 consulto
212 1192 383 1253 supplicationes
389 1193 484 1239 habitaet
504 1201 730 1253 statuaequeetarcus
741 1204 765 1243 et

97 1257 201 1303 continui
213 1257 341 1304 consulatus
355 1257 463 1318 principi:
484 1264 552 1318 utque
568 1259 627 1304 inter
641 1257 711 1306 festos
727 1277 764 1307 re·

96 1321 195 1368 senetur
207 1323 260 1374 dies,
273 1338 317 1382 quo
327 1329 414 1384 patrata
428 1323 527 1376 victoria,
543 1338 586 1382 quo
599 1324 706 1380 nuntiata,
719 1340 763 1384 quo

97 1387 194 1433 relatum
206 1387 234 1433 de
245 1385 271 1432 ed
282 1395 347 1441 esset,
359 1387 451 1447 aliaque,
464 1388 486 1434 in
498 1389 597 1434 eamdem
608 1387 711 1443 formam,
723 1391 763 1436 de·

97 1459 228 1505 cernuntur,
248 1453 302 1498 adeo
317 1453 409 1498 modum
427 1468 524 1514 egressa,
541 1459 567 1498 ut
583 1451 610 1500 C.
618 1451 716 1509 Cassius,
735 1455 763 1501 de

97 1518 187 1564 caeteris
198 1518 318 1563 honoribus
329 1532 440 1572 assensus,
458 1518 475 1564 si
491 1533 532 1578 pro
542 1519 679 1579 benignitate
689 1518 762 1566 fortu-

96 1597 134 1629 nae
145 1583 188 1628 diis
199 1590 276 1644 grates
289 1588 416 1643 agerentur,
432 1597 462 1628 ne
479 1589 551 1628 totum
567 1583 656 1642 quidem
676 1599 776 1631 annum·

95 1646 294 1709 supplicationibus
301 1648 410 1701 sufficere,
419 1648 559 1694 disseruerit:
579 1663 650 1708 eoque
658 1656 763 1710 oportere

94 1712 164 1759 dividi
176 1728 252 1760 sacros
263 1719 286 1759 et
297 1714 426 1775 negotiosos
437 1713 490 1768 dies,
508 1713 557 1773 quis
568 1713 643 1759 divina
653 1715 760 1771 colerent,

93 1785 117 1824 et
128 1779 227 1824 humana
238 1793 283 1824 non
295 1779 434 1839 impedirent.
716 1797 718 1800 ⁴

127 1841 304 1890 alula-varus
320 1843 399 1889 deinde
415 1845 501 1890 casibus
516 1845 620 1906 jactatus,
637 1852 661 1890 et
676 1844 759 1891 multo·
793 1852 795 1856 ’

92 1922 143 1954 rum
155 1909 207 1954 odia
218 1909 311 1955 meritus
320 1924 377 1962 reus,
389 1909 447 1955 haud
456 1916 530 1957 tamen
539 1911 587 1956 sine
595 1907 679 1956 invidia
686 1909 757 1956 Sene·

91 1987 133 2026 cae,
145 1974 272 2020 damnatur.
304 1971 328 2018 Is
340 1973 420 2019 fuitP.
428 1973 517 2029 Suilius,
535 1974 675 2035 imperitante
687 1972 758 2021 Clau·

90 2037 129 2084 dio
141 2038 245 2085 terribilis
256 2054 283 2084 ac
295 2039 385 2093 venalis,
397 2047 420 2086 et
428 2041 552 2086 mutatione
558 2047 691 2100 temporum,
703 2054 757 2093 non,
770 2096 773 2103 Ι

90 2111 200 2162 quantum
212 2104 296 2149 inimici
313 2111 426 2164 cuperent,
441 2105 565 2160 demissus;
582 2104 664 2165 quique
675 2119 700 2149 se
714 2119 756 2150 no·

89 2176 179 2215 centem
192 2168 268 2220 videri,
281 2184 347 2230 quam
359 2169 488 2231 supplicem,
500 2169 582 2215 mallet.
614 2168 672 2230 Ejus
681 2169 756 2230 oppri-

89 2234 167 2278 mendi
186 2232 260 2294 gratiir
276 2234 394 2294 repetitum
416 2234 545 2280 credebatur
563 2233 755 2280 senaida-consul·

88 2303 144 2351 tum,
158 2312 270 2359 poenaque
282 2297 368 2346 Cinciae
379 2299 443 2359 legis,
455 2300 562 2345 adversus
572 2315 618 2353 eos,
635 2299 672 2358 qui
683 2298 755 2360 pretio

88 2377 168 2409 causas
179 2364 318 2410 oravissent:
338 2380 381 2411 nec
392 2365 482 2412 sollius
493 2372 575 2427 questu
585 2371 625 2411 aut
634 2363 754 2426 exprobra.

80 2426 144 2469 done
153 2427 285 2482 abstinebat,
302 2438 389 2491 practer
398 2430 510 2482 ferociam
523 2432 604 2487 animi,
615 2427 721 2480 extremb
730 2444 769 2475 se-

66 2485 136 2529 aeota
150 2488 213 2543 liber,
233 2498 256 2536 et
272 2493 390 2548 Senecam
402 2501 549 2568 increpans:
561 2494 788 2558 francamente*

45 2541 159 2654 gladi}
184 2555 235 2630 Ψ,
249 2563 489 2639 qflqjustissimnm
513 2572 636 2623 exsilium
649 2565 807 2636 pertulisset.

45 2662 110 2714 ime
124 2615 360 2732 ἑὲἀιιειηεηιὸυε,
375 2644 400 2686 et
408 2638 821 2708 juvenum-mmmmm.

192 2687 235 2742 qm·
256 2693 374 2754 vividam
394 2716 426 2758 et
446 2712 641 2782 mmmmm
650 2695 829 2770 gxoqaeut'xam
