1680 3188
77 422 110 466 46
142 414 336 471 ANNALIUM
346 414 479 466 InaXIII.
487 415 595 468 Caret.
626 418 748 459 nasio.

78 547 240 611 quejnsignes,
255 553 280 593 et
290 547 388 609 quidam,
404 544 513 610 penniasir
522 547 592 595 semel
601 541 694 593 noenta
703 545 746 592 uri>

79 612 171 660 nomine
189 611 298 669 Neronis,
316 613 381 661 inulti
396 613 490 676 propriis
509 628 562 660 cum
577 612 651 674 globis
665 609 745 657 eadem

79 677 217 732 exercebant,
245 677 269 723 in
290 677 383 723 modum
405 678 540 739 captivitatis
561 692 608 724 nox
629 676 746 739 agebatur.

78 741 153 790 Julius
165 740 298 798 Montanus,
315 743 420 788 senatorii
431 742 521 796 ordinis,
539 742 578 788 sed
589 742 626 802 qui
643 739 745 786 noudum

78 808 187 853 honorem
204 807 343 868 capessisset,
360 821 494 869 congressus
509 806 568 854 forte
584 822 623 868 per
639 806 744 852 tenebras

79 886 130 918 cum
141 872 248 934 principe,
264 872 349 932 quievi
366 878 513 920 attentantem
528 871 610 918 acriter
626 869 744 932 repulerat,

79 937 159 984 deiude
176 938 278 999 agnitum
296 944 405 992 oraverat,
422 937 485 998 quasi
504 934 666 998 exprobrbsset,
686 934 745 980 mori

79 1002 171 1048 adactus
188 1007 229 1048 est.
263 1000 327 1048 Nero
342 1009 424 1057 autem,
440 1003 576 1050 metuentior
587 1001 610 1047 in
620 1008 744 1063 posterum,

79 1067 162 1113 milites
173 1067 214 1118 sibi
225 1071 248 1112 et
258 1067 376 1128 plerosque
384 1067 520 1130 gladiatores
537 1066 689 1120 circumdedit,
705 1065 744 1124 qui

80 1132 179 1179 rixarum
193 1131 257 1177 initia
267 1131 354 1178 modica
365 1139 388 1179 et
398 1133 461 1193 quasi
472 1133 558 1194 privata
569 1132 682 1187 sinerent;
700 1130 719 1175 si
731 1143 746 1176 a

79 1195 141 1244 laesis
156 1196 251 1244 validius
270 1204 380 1259 ageretur,
400 1213 462 1244 arma
474 1197 588 1244 inferrent
621 1194 744 1242 Ludicram

80 1275 169 1322 quoque
188 1261 300 1308 licentiam
322 1268 346 1308 et
367 1262 465 1310 fautores
486 1263 619 1309 histrionum
638 1260 745 1307 velutin

80 1324 161 1388 proelia
176 1328 288 1373 convertit
303 1328 435 1390 impunitate
451 1335 475 1374 et
490 1328 595 1389 praemiis,
614 1331 681 1388 atque
697 1326 746 1386 ipse

80 1392 182 1439 occultus
199 1398 222 1439 et
240 1392 371 1454 plerumque
387 1409 464 1440 coram
480 1399 641 1455 prospectans3
665 1391 744 1444 donec,

81 1456 176 1503 discordi
187 1459 277 1519 populo,
289 1459 429 1520 et'grarioris
440 1459 516 1506 motils
523 1466 614 1512 terrore,
627 1471 673 1502 non
684 1455 744 1502 aliud

80 1523 203 1569 remedium
222 1531 333 1584 repertum
350 1532 392 1579 est,
407 1539 475 1585 quam
491 1531 516 1570 ut
536 1523 656 1569 histriones
676 1519 744 1568 Italia

80 1587 222 1649 pellerentur,
235 1588 343 1648 milesque
352 1590 540 1636 theatroxrursum
549 1588 665 1635 assideret.

115 1651 213 1699 XXVL
235 1651 281 1698 Per
298 1654 358 1700 idem
378 1643 466 1716 tempus
485 1662 559 1700 actum
577 1655 600 1699 in
619 1657 698 1698 senatu
717 1649 745 1696 de

81 1715 194 1764 fraudibus
212 1717 349 1771 libertorum,
371 1719 568 1780 efflagitatumque,
590 1723 616 1763 nt
637 1717 745 1762 adversus

81 1782 140 1829 male
151 1782 245 1827 meritos
255 1783 387 1829 revocandae
402 1784 508 1832 libertatis
517 1786 557 1846 jus
568 1782 668 1846 patronis
679 1781 744 1826 dare·

81 1854 125 1895 tur.
153 1845 204 1893 Nec
215 1846 312 1903 deerant,
326 1848 365 1909 qui
377 1857 500 1896 censerent.
529 1849 574 1896 Sed
583 1846 695 1900 consules,
707 1861 744 1891 re·

80 1910 186 1957 lationem
198 1911 296 1973 incipere
307 1929 352 1959 non
364 1915 411 1960 ausi
422 1915 501 1976 ignaro
512 1914 618 1976 principe,
633 1913 744 1974 perscrip-

82 1973 132 2023 sere
141 1983 216 2022 tamen
227 1992 362 2025 consensum
372 1981 461 2026 senatuis
471 1998 477 2025 :
496 1980 534 2025 ille
544 1988 622 2025 auctor
632 1972 743 2023 constitu-

82 2041 150 2091 tionis
161 2039 231 2104 fieret,
247 2050 272 2088 ut
283 2047 341 2089 inter
352 2059 440 2105 paucos,
459 2046 478 2090 ei
490 2044 608 2104 sententiae
619 2043 741 2088 aduersos:

82 2105 219 2166 quibusdam,
232 2108 334 2153 coalitam
345 2109 446 2156 libertate
453 2109 619 2157 irreverentiam
628 2123 656 2152 co
664 2120 744 2166 proru·

81 2171 147 2233 pisse,
162 2169 314 2226 frementibus,
326 2174 347 2219 vi
360 2189 395 2225 ne,
407 2189 435 2220 an
447 2190 512 2233 aequo
522 2189 574 2219 cum
586 2172 746 2233 patronisjure

63 2240 64 2245 ’
81 2242 181 2297 egerent,
199 2237 331 2282 sententiam
344 2253 421 2283 eorum
433 2239 591 2290 consultarent,
609 2253 634 2289 ac
646 2235 746 2282 verberi·

73 2301 122 2347 'bus
134 2292 213 2346 maniis
226 2301 284 2347 ultro
294 2301 443 2358 intenderent,
455 2303 596 2363 impudenter
606 2301 643 2347 vel
654 2314 746 2367 poenam

83 2380 146 2411 suam
158 2365 316 2412 dissuadentes.
350 2365 413 2420 Quid
427 2368 487 2413 enim
501 2367 562 2412 aliud
577 2367 632 2412 laeso
648 2372 745 2426 patrono

82 2445 223 2486 concessum,
245 2446 312 2490 quam
334 2438 360 2477 ut
378 2432 508 2478 vicesimum
529 2431 587 2478 ultra
606 2431 703 2492 lapidem
721 2429 745 2474 in

81 2509 145 2542 oram
158 2492 287 2556 Campaniae
298 2496 401 2542 libertum
412 2496 514 2559 releget?
532 2494 633 2543 Crateras
645 2495 746 2541 actiones

78 2560 218 2622 promiscuas
233 2566 257 2604 et
272 2575 336 2621 peres
352 2577 409 2608 esse.
439 2560 593 2608 Tribuendum
605 2560 694 2620 aliquod
711 2566 746 2604 te·

83 2625 137 2679 lum,
154 2624 214 2690 quod
230 2625 303 2685 sperni
315 2633 417 2687 nequeat.
451 2626 502 2672 Nec
513 2641 583 2687 grave
594 2624 746 2678 manumissis,

71 2689 193 2748 peridem
210 2689 343 2752 obsequium
360 2691 471 2739 retinendi
485 2691 619 2745 libertatem,
635 2705 674 2749 per
685 2688 747 2748 quod

61 2755 168 2824 mecuti
183 2754 240 2802 sint.
272 2756 311 2805 Ar
330 2759 456 2806 criminum
475 2755 611 2805 manuleatus
628 2753 712 2798 meiito
728 2751 761 2794 ab

43 2822 192 2885 servitutem
205 2824 310 2882 retrabi,¹
328 2833 352 2873 ut
365 2833 434 2875 metu
446 2826 612 2876 coerceantur,
628 2816 773 2877 quos‘uene·

22 2930 27 2953 ‚
101 2893 155 2927 non
167 2890 349 2943 mutavissent.

24 2950 32 2969 ⁵
53 2932 193 3004 Xxm
216 2953 412 3012 Disserebatur
420 2966 531 3012 contra:
551 2936 790 3004 Paucorumaubw
