1680 3188
61 111 160 165 J·0·⁶9·
222 117 275 168 Lm.
281 118 352 168 XVI.
364 119 558 169 ANNALIUM.
674 118 720 166 165

61 240 224 307 Olympiacam,
233 249 311 296 dextri
321 250 426 311 Pythiam
432 251 534 312 gerebam
547 253 607 296 retro
615 252 687 293 stante
695 247 718 292 in

64 307 143 354 eodem
154 326 221 358 curru
232 312 335 360 Diodoro
346 315 474 361 citharoedo.
507 313 571 360 Pone
582 312 720 372 sequebatur,

63 374 179 447 oqantium
199 378 248 431 ritu,
269 378 396 439 plausorum
415 394 502 440 agmen
522 378 668 438 Augustanos
689 389 721 429 se,

62 436 190 511 militesque
199 442 304 503 triumphi
314 444 481 489 clamitantium.
513 441 620 489 Conferte
631 441 720 486 demum

62 501 142 549 clvltas
158 505 243 566 ipsique
259 514 378 560 senatores,
390 508 499 553 contentis
514 506 612 559 vocibus,
623 503 718 564 ingemi·
810 510 816 519 “

64 565 154 622 nebant,
165 575 181 596 “
188 567 215 615 lo
224 571 295 616 victor
303 570 434 632 Olympiae!
451 571 474 616 io
480 571 551 616 victor
560 568 661 629 Pythice,
668 566 719 613 Au·

63 631 143 686 gusta!
162 633 185 679 io
196 632 283 681 Neroni
301 633 408 681 Herculi!
425 635 449 680 io
464 633 551 680 Neroni
566 631 679 694 Apollini!
697 631 720 677 io

63 695 164 741 omnium
176 698 254 753 victor,
265 698 383 759 Auguste!
401 713 462 744 sacra
471 698 530 745 vox!
548 696 660 750 fortunati,
671 696 720 755 quis

63 757 178 806 coelestem
185 777 263 808 vocem
272 764 347 808 audire
353 764 428 808 datum
436 761 460 808 !''
478 760 514 810 Ita
520 761 630 808 incedenti
637 760 720 822 passim

62 821 205 881 credebantur
215 827 318 881 victimae,
330 828 488 888 spargebantur
498 827 584 880 odores,
595 839 653 878 aves,
664 823 721 869 lem·

62 885 125 941 uisci,
137 889 228 936 bellarm
240 891 406 951 ingerebantur.
435 890 479 937 Per
491 888 581 938 Circum
592 889 720 941 maximum,

25 994 30 1007 ,
63 947 194 1008 Velabrum,
206 953 324 1014 forumque
334 953 400 1001 ductii
409 952 495 1016 pompd,
504 956 606 1016 princeps
616 953 643 998 ad
655 951 721 998 Pala·

64 1014 121 1060 tium
136 1018 258 1072 adscendit,
274 1027 303 1073 et,
319 1019 423 1081 Apolline
440 1020 539 1073 salutato,
552 1016 669 1066 Circenses
684 1016 720 1061 in·

63 1078 136 1138 dixit3
152 1083 267 1143 acriorque
282 1085 348 1129 rediit
360 1083 461 1129 ludorum
473 1082 547 1129 iirror:
567 1081 642 1129 necin
657 1079 721 1126 Urbe

64 1145 134 1198 stent.
145 1161 186 1208 per
196 1148 321 1207 provincias
331 1163 419 1208 quoque
428 1155 569 1209 pervagatus.

97 1205 262 1271 [Remordebat
271 1222 345 1258 tamen
356 1212 474 1258 identidem
486 1211 594 1258 memoria
600 1210 721 1265 turbarum,

63 1286 120 1332 quas
135 1273 219 1321 Helius
233 1277 379 1322 nuntiaverat.
411 1275 513 1330 Quaesita
525 1289 554 1322 ex
568 1273 723 1336 superstitione

63 1338 169 1394 seneffia,
180 1340 260 1400 qulbus
270 1339 335 1386 iidem
346 1340 399 1386 secit
409 1356 478 1394 casus,
491 1340 565 1386 statim
574 1335 657 1385 retecti
667 1350 721 1382 con·

58 1401 181 1464 iuratione,
200 1419 251 1449 cum
268 1419 380 1450 summum
397 1404 490 1451 instaret
510 1405 635 1450 discrimen.
667 1400 723 1446 Nox

64 1466 126 1512 enim
137 1468 203 1514 unica
214 1469 308 1515 restabat
320 1467 414 1515 Neroni.
447 1467 494 1522 Qui
503 1468 589 1515 facinus
601 1473 688 1528 patrare
698 1465 722 1509 in

65 1545 92 1576 se
111 1539 230 1593 receperat,
248 1531 307 1579 forte
327 1533 437 1578 theatrum
455 1533 525 1593 petiit,
541 1540 564 1578 et
581 1547 621 1593 pro
639 1529 723 1576 foribus

63 1593 121 1641 vidit
131 1596 232 1642 vinctum
243 1596 361 1648 hominem.
370 1597 520 1644 miserabiliter
530 1597 655 1658 ejulantem,
662 1593 722 1654 quod

67 1659 96 1706 sd
109 1659 225 1706 Neronem
241 1669 300 1708 esset
314 1661 435 1707 ducendus.
465 1659 514 1715 lile,
526 1656 674 1707 misericordiis
687 1657 722 1703 in·

67 1732 161 1779 certum,
178 1740 206 1771 an
218 1723 332 1788 jactantii,
345 1723 441 1773 nimiive
456 1726 537 1772 silentii
553 1725 612 1771 mole
627 1735 723 1784 pressus,

69 1790 152 1836 misero
158 1790 296 1851 propinquat,
305 1797 327 1836 et
335 1790 358 1836 in
366 1805 442 1837 aurem
451 1790 584 1836 insusurrat:
604 1794 618 1818 ‘⁸
625 1786 690 1834 Dura
697 1785 725 1832 ad

69 1852 188 1900 crastinam
194 1854 251 1900 diem
259 1871 267 1911 3
284 1869 332 1901 cras
340 1855 392 1900 mihi
401 1855 495 1915 gratiam
504 1850 608 1899 referes?
628 1850 675 1897 Hic
682 1865 724 1897 uo-

70 1918 140 1963 vitate
151 1919 198 1978 spei
206 1927 309 1973 arrectus,
321 1920 429 1978 verbaque
437 1933 512 1965 secum
523 1925 633 1978 reputans,
644 1914 727 1961 atrocis

72 1980 203 2042 introspicit,
219 1990 324 2043 paratque
340 1983 451 2037 indicium,
468 1982 491 2028 in
507 1997 551 2042 quo
567 1980 643 2026 salutis
659 1984 727 2030 certa,

71 2044 168 2107 plurima
183 2044 280 2093 fortunae
294 2062 352 2108 spes.
385 2046 419 2092 Ut
437 2060 510 2092 coram
526 2044 618 2090 Nerone
635 2043 727 2098 adstitit,

72 2109 148 2156 audita
159 2109 233 2157 refert.
265 2110 335 2165 Reus,
344 2110 460 2158 confestim
470 2111 494 2154 in
504 2108 577 2154 vincla
588 2114 669 2168 raptus,
680 2111 728 2152 tor·

72 2174 156 2220 mentis
173 2175 279 2221 subditur.
310 2175 436 2222 Adversum
454 2173 546 2218 verbera
563 2178 586 2217 et
604 2171 668 2232 ignes
683 2170 729 2230 pn'·

73 2252 136 2284 mum
154 2240 265 2300 pervicax,
275 2238 358 2284 factum
375 2244 454 2298 negat:
474 2236 513 2283 sed
528 2235 627 2297 supplicii
643 2234 730 2279 diutur-

74 2301 146 2349 nitate
160 2303 240 2357 victus,
251 2317 313 2363 aegre
327 2303 420 2363 prolato,
432 2301 490 2360 quod
505 2301 584 2346 leviter
599 2297 731 2359 prodiderat,

75 2381 100 2413 se
118 2366 235 2426 sociosque
252 2367 352 2413 eamdem
374 2367 397 2412 in
415 2366 501 2410 ruinam
520 2363 622 2410 detrudit.
653 2360 731 2406 Multo

75 2430 185 2491 sauguine
203 2429 290 2492 expiati
307 2430 465 2493 conjuratione,
482 2425 648 2489 superstitionis,
668 2425 731 2485 cujus

72 2494 183 2541 instinctu
198 2494 285 2541 detecta
300 2496 434 2549 credebatur,
450 2493 508 2554 apud
524 2492 645 2553 principem
661 2488 732 2535 crevit

76 2558 161 2606 bonos:
181 2557 264 2605 addidit
279 2560 419 2624 haruspicum
434 2557 557 2623 extispicia,
567 2563 594 2607 ut
606 2554 677 2619 maior
692 2566 731 2601 ae·

72 2621 162 2668 aderet
169 2622 287 2675 securitas.
665 2664 668 2669 .
