<?xml version="1.0" encoding="UTF-8"?>
<!DOCTYPE html PUBLIC "-//W3C//DTD XHTML 1.0 Transitional//EN"
    "http://www.w3.org/TR/xhtml1/DTD/xhtml1-transitional.dtd">
<html xmlns="http://www.w3.org/1999/xhtml" xml:lang="en" lang="en">
 <head>
  <title>
</title>
<meta http-equiv="Content-Type" content="text/html;charset=utf-8" />
  <meta name='ocr-system' content='tesseract 3.04.00' />
  <meta name='ocr-capabilities' content='ocr_page ocr_carea ocr_par ocr_line ocrx_word'/>
</head>
<body>
  <div class='ocr_page' id='page_1' title='image "./ccorneliitaciti01obergoog_0116.png"; bbox 0 0 1680 3188; ppageno 0'>
   <div class='ocr_carea' id='block_1_1' title="bbox 65 107 734 162">
    <p class='ocr_par' dir='ltr' id='par_1_1' title="bbox 65 107 734 162">
     <span class='ocr_line' id='line_1_1' title="bbox 65 107 734 162; baseline 0.003 -3"><span class='ocrx_word' id='word_1_1' title='bbox 65 114 165 159; x_wconf 55' lang='lat' dir='ltr'><strong>acas.</strong></span> <span class='ocrx_word' id='word_1_2' title='bbox 211 109 404 160; x_wconf 78' lang='lat' dir='ltr'>ANNALIUM</span> <span class='ocrx_word' id='word_1_3' title='bbox 419 107 472 158; x_wconf 82' lang='lat' dir='ltr'><strong>Lan.</strong></span> <span class='ocrx_word' id='word_1_4' title='bbox 481 107 654 161; x_wconf 60' lang='lat' dir='ltr'><strong>xamen.</strong></span> <span class='ocrx_word' id='word_1_5' title='bbox 687 114 734 162; x_wconf 78' lang='grc'><strong>109</strong></span> 
     </span>
    </p>
   </div>
   <div class='ocr_carea' id='block_1_2' title="bbox 49 240 757 2749">
    <p class='ocr_par' dir='ltr' id='par_1_2' title="bbox 49 240 757 2749">
     <span class='ocr_line' id='line_1_2' title="bbox 63 240 733 305; baseline -0.006 -13"><span class='ocrx_word' id='word_1_6' title='bbox 63 243 134 292; x_wconf 77' lang='lat' dir='ltr'><strong>elati:</strong></span> <span class='ocrx_word' id='word_1_7' title='bbox 153 257 201 289; x_wconf 90' lang='lat' dir='ltr'><strong>una</strong></span> <span class='ocrx_word' id='word_1_8' title='bbox 215 257 263 289; x_wconf 82' lang='lat' dir='ltr'><strong>vox</strong></span> <span class='ocrx_word' id='word_1_9' title='bbox 276 243 325 305; x_wconf 75' lang='lat' dir='ltr'><strong>eJus</strong></span> <span class='ocrx_word' id='word_1_10' title='bbox 341 241 455 302; x_wconf 88' lang='lat' dir='ltr'><strong>usquead</strong></span> <span class='ocrx_word' id='word_1_11' title='bbox 470 240 627 288; x_wconf 85' lang='lat' dir='ltr'><strong>contumeliam</strong></span> <span class='ocrx_word' id='word_1_12' title='bbox 642 240 733 288; x_wconf 75' lang='lat' dir='ltr'><strong>senatos</strong></span> 
     </span>
     <span class='ocr_line' id='line_1_3' title="bbox 49 300 731 371; baseline 0 -20"><span class='ocrx_word' id='word_1_13' title='bbox 49 344 53 351; x_wconf 93' lang='lat'>.</span> <span class='ocrx_word' id='word_1_14' title='bbox 66 314 232 371; x_wconf 70' lang='lat' dir='ltr'><strong>penenarerat,</strong></span> <span class='ocrx_word' id='word_1_15' title='bbox 241 307 302 368; x_wconf 90' lang='lat' dir='ltr'><strong>quod</strong></span> <span class='ocrx_word' id='word_1_16' title='bbox 312 305 441 359; x_wconf 69' lang='lat' dir='ltr'><strong>dictitasset,</strong></span> <span class='ocrx_word' id='word_1_17' title='bbox 451 306 474 351; x_wconf 90' lang='lat' dir='ltr'><strong>iu</strong></span> <span class='ocrx_word' id='word_1_18' title='bbox 485 300 526 351; x_wconf 83' lang='lat' dir='ltr'><strong>suit</strong></span> <span class='ocrx_word' id='word_1_19' title='bbox 536 312 646 367; x_wconf 77' lang='lat' dir='ltr'><strong>potestate</strong></span> <span class='ocrx_word' id='word_1_20' title='bbox 657 306 731 359; x_wconf 86' lang='lat' dir='ltr'><strong>situm,</strong></span> 
     </span>
     <span class='ocr_line' id='line_1_4' title="bbox 66 367 732 436; baseline -0.008 -15"><span class='ocrx_word' id='word_1_21' title='bbox 66 372 284 436; x_wconf 82' lang='lat' dir='ltr'><strong>anproconsulrbus,</strong></span> <span class='ocrx_word' id='word_1_22' title='bbox 291 372 328 432; x_wconf 88' lang='lat' dir='ltr'><strong>qui</strong></span> <span class='ocrx_word' id='word_1_23' title='bbox 334 367 425 418; x_wconf 81' lang='lat' dir='ltr'><strong>Cretam</strong></span> <span class='ocrx_word' id='word_1_24' title='bbox 433 371 587 426; x_wconf 72' lang='lat' dir='ltr'><strong>obtinuissent,</strong></span> <span class='ocrx_word' id='word_1_25' title='bbox 593 378 670 432; x_wconf 80' lang='lat' dir='ltr'><strong>grates</strong></span> <span class='ocrx_word' id='word_1_26' title='bbox 678 384 732 431; x_wconf 81' lang='lat' dir='ltr'><strong>age-</strong></span> 
     </span>
     <span class='ocr_line' id='line_1_5' title="bbox 67 432 732 491; baseline -0.006 -7"><span class='ocrx_word' id='word_1_27' title='bbox 67 445 152 485; x_wconf 78' lang='lat' dir='ltr'><strong>rentur.</strong></span> <span class='ocrx_word' id='word_1_28' title='bbox 188 436 265 491; x_wconf 83' lang='lat' dir='ltr'><strong>Quam</strong></span> <span class='ocrx_word' id='word_1_29' title='bbox 272 436 412 483; x_wconf 75' lang='lat' dir='ltr'><strong>occasionem</strong></span> <span class='ocrx_word' id='word_1_30' title='bbox 420 434 499 481; x_wconf 85' lang='lat' dir='ltr'><strong>Paetus</strong></span> <span class='ocrx_word' id='word_1_31' title='bbox 506 432 607 482; x_wconf 75' lang='lat' dir='ltr'><strong>Thrasea</strong></span> <span class='ocrx_word' id='word_1_32' title='bbox 613 435 641 481; x_wconf 90' lang='lat' dir='ltr'><strong>ad</strong></span> <span class='ocrx_word' id='word_1_33' title='bbox 648 436 732 482; x_wconf 88' lang='lat' dir='ltr'><strong>bonum</strong></span> 
     </span>
     <span class='ocr_line' id='line_1_6' title="bbox 66 500 732 565; baseline -0.008 -16"><span class='ocrx_word' id='word_1_34' title='bbox 66 503 180 565; x_wconf 85' lang='lat' dir='ltr'><strong>publicum</strong></span> <span class='ocrx_word' id='word_1_35' title='bbox 192 508 290 555; x_wconf 85' lang='lat' dir='ltr'><strong>vertens,</strong></span> <span class='ocrx_word' id='word_1_36' title='bbox 307 507 424 561; x_wconf 85' lang='lat' dir='ltr'><strong>postquam</strong></span> <span class='ocrx_word' id='word_1_37' title='bbox 440 500 469 546; x_wconf 88' lang='lat' dir='ltr'><strong>de</strong></span> <span class='ocrx_word' id='word_1_38' title='bbox 485 515 524 546; x_wconf 87' lang='lat' dir='ltr'><strong>reo</strong></span> <span class='ocrx_word' id='word_1_39' title='bbox 541 507 663 549; x_wconf 87' lang='lat' dir='ltr'><strong>censuerat.</strong></span> <span class='ocrx_word' id='word_1_40' title='bbox 679 515 732 560; x_wconf 90' lang='lat' dir='ltr'><strong>pro-</strong></span> 
     </span>
     <span class='ocr_line' id='line_1_7' title="bbox 66 563 732 627; baseline -0.009 -12"><span class='ocrx_word' id='word_1_41' title='bbox 66 564 142 615; x_wconf 75' lang='lat' dir='ltr'><strong>vineit</strong></span> <span class='ocrx_word' id='word_1_42' title='bbox 149 564 223 614; x_wconf 80' lang='lat' dir='ltr'><strong>creta</strong></span> <span class='ocrx_word' id='word_1_43' title='bbox 229 565 391 627; x_wconf 84' lang='lat' dir='ltr'><strong>depellendum,</strong></span> <span class='ocrx_word' id='word_1_44' title='bbox 400 565 450 611; x_wconf 81' lang='lat' dir='ltr'><strong>baec</strong></span> <span class='ocrx_word' id='word_1_45' title='bbox 457 564 550 610; x_wconf 81' lang='lat' dir='ltr'><strong>addidit:</strong></span> <span class='ocrx_word' id='word_1_46' title='bbox 571 568 586 593; x_wconf 86' lang='lat'><strong>“</strong></span> <span class='ocrx_word' id='word_1_47' title='bbox 594 563 646 610; x_wconf 88' lang='lat' dir='ltr'><strong>Usu</strong></span> <span class='ocrx_word' id='word_1_48' title='bbox 653 564 732 625; x_wconf 88' lang='lat' dir='ltr'><strong>proba·</strong></span> 
     </span>
     <span class='ocr_line' id='line_1_8' title="bbox 65 628 733 692; baseline -0.006 -14"><span class='ocrx_word' id='word_1_49' title='bbox 65 638 115 679; x_wconf 87' lang='lat' dir='ltr'><strong>tum</strong></span> <span class='ocrx_word' id='word_1_50' title='bbox 125 638 170 685; x_wconf 85' lang='lat' dir='ltr'><strong>est,</strong></span> <span class='ocrx_word' id='word_1_51' title='bbox 183 629 211 677; x_wconf 89' lang='lat' dir='ltr'><strong>P.</strong></span> <span class='ocrx_word' id='word_1_52' title='bbox 221 629 249 678; x_wconf 85' lang='lat' dir='ltr'><strong>C.</strong></span> <span class='ocrx_word' id='word_1_53' title='bbox 259 631 322 692; x_wconf 83' lang='lat' dir='ltr'><strong>leges</strong></span> <span class='ocrx_word' id='word_1_54' title='bbox 333 630 443 691; x_wconf 80' lang='lat' dir='ltr'><strong>egregias,</strong></span> <span class='ocrx_word' id='word_1_55' title='bbox 454 629 557 690; x_wconf 85' lang='lat' dir='ltr'><strong>exempla</strong></span> <span class='ocrx_word' id='word_1_56' title='bbox 564 629 663 681; x_wconf 82' lang='lat' dir='ltr'><strong>honesta,</strong></span> <span class='ocrx_word' id='word_1_57' title='bbox 674 628 733 690; x_wconf 88' lang='lat' dir='ltr'><strong>apud</strong></span> 
     </span>
     <span class='ocr_line' id='line_1_9' title="bbox 64 692 734 757; baseline -0.007 -14"><span class='ocrx_word' id='word_1_58' title='bbox 64 696 138 743; x_wconf 88' lang='lat' dir='ltr'><strong>bonos</strong></span> <span class='ocrx_word' id='word_1_59' title='bbox 149 710 179 743; x_wconf 84' lang='lat' dir='ltr'><strong>ex</strong></span> <span class='ocrx_word' id='word_1_60' title='bbox 190 695 278 741; x_wconf 87' lang='lat' dir='ltr'><strong>delictis</strong></span> <span class='ocrx_word' id='word_1_61' title='bbox 289 694 382 740; x_wconf 85' lang='lat' dir='ltr'><strong>aliorum</strong></span> <span class='ocrx_word' id='word_1_62' title='bbox 389 695 461 757; x_wconf 79' lang='lat' dir='ltr'><strong>gigni</strong></span> <span class='ocrx_word' id='word_1_63' title='bbox 496 694 534 741; x_wconf 87' lang='lat' dir='ltr'><strong>Sic</strong></span> <span class='ocrx_word' id='word_1_64' title='bbox 541 700 654 740; x_wconf 89' lang='lat' dir='ltr'><strong>oratorum</strong></span> <span class='ocrx_word' id='word_1_65' title='bbox 663 692 734 738; x_wconf 83' lang='lat' dir='ltr'><strong>licen·</strong></span> 
     </span>
     <span class='ocr_line' id='line_1_10' title="bbox 65 756 731 822; baseline -0.009 -13"><span class='ocrx_word' id='word_1_66' title='bbox 65 761 98 808; x_wconf 80' lang='lat' dir='ltr'><strong>tia</strong></span> <span class='ocrx_word' id='word_1_67' title='bbox 109 759 215 809; x_wconf 79' lang='lat' dir='ltr'><strong>Cinciam</strong></span> <span class='ocrx_word' id='word_1_68' title='bbox 227 760 380 822; x_wconf 66' lang='lat' dir='ltr'><strong>rogationem</strong></span> <span class='ocrx_word' id='word_1_69' title='bbox 398 759 565 805; x_wconf 87' lang='lat' dir='ltr'><strong>candidatorum</strong></span> <span class='ocrx_word' id='word_1_70' title='bbox 582 757 677 803; x_wconf 84' lang='lat' dir='ltr'><strong>ambitus</strong></span> <span class='ocrx_word' id='word_1_71' title='bbox 688 756 731 805; x_wconf 89' lang='lat' dir='ltr'><strong>Ju-</strong></span> 
     </span>
     <span class='ocr_line' id='line_1_11' title="bbox 65 821 733 887; baseline -0.006 -16"><span class='ocrx_word' id='word_1_72' title='bbox 65 825 108 872; x_wconf 85' lang='lat' dir='ltr'><strong>lias</strong></span> <span class='ocrx_word' id='word_1_73' title='bbox 127 825 206 887; x_wconf 60' lang='lat' dir='ltr'><strong>legen</strong></span> <span class='ocrx_word' id='word_1_74' title='bbox 228 825 399 885; x_wconf 80' lang='lat' dir='ltr'><strong>magistratuum</strong></span> <span class='ocrx_word' id='word_1_75' title='bbox 421 823 514 869; x_wconf 88' lang='lat' dir='ltr'><strong>avaritia</strong></span> <span class='ocrx_word' id='word_1_76' title='bbox 534 821 655 884; x_wconf 84' lang='lat' dir='ltr'><strong>Calpurnia</strong></span> <span class='ocrx_word' id='word_1_77' title='bbox 677 821 733 868; x_wconf 86' lang='lat' dir='ltr'><strong>scita</strong></span> 
     </span>
     <span class='ocr_line' id='line_1_12' title="bbox 64 887 732 953; baseline -0.004 -18"><span class='ocrx_word' id='word_1_78' title='bbox 64 896 210 953; x_wconf 77' lang='lat' dir='ltr'><strong>pepererunt.</strong></span> <span class='ocrx_word' id='word_1_79' title='bbox 241 887 303 934; x_wconf 86' lang='lat' dir='ltr'><strong>Nam</strong></span> <span class='ocrx_word' id='word_1_80' title='bbox 312 889 456 950; x_wconf 70' lang='lat' dir='ltr'><strong>culpaquam</strong></span> <span class='ocrx_word' id='word_1_81' title='bbox 463 902 536 950; x_wconf 81' lang='lat' dir='ltr'><strong>poena.</strong></span> <span class='ocrx_word' id='word_1_82' title='bbox 548 887 732 949; x_wconf 86' lang='lat' dir='ltr'><strong>temporeprior;</strong></span> 
     </span>
     <span class='ocr_line' id='line_1_13' title="bbox 65 951 731 1014; baseline -0.006 -13"><span class='ocrx_word' id='word_1_83' title='bbox 65 954 189 1006; x_wconf 72' lang='lat' dir='ltr'><strong>mendant.</strong></span> <span class='ocrx_word' id='word_1_84' title='bbox 201 967 267 1013; x_wconf 90' lang='lat' dir='ltr'><strong>quam</strong></span> <span class='ocrx_word' id='word_1_85' title='bbox 277 968 376 1014; x_wconf 85' lang='lat' dir='ltr'><strong>peccare.</strong></span> <span class='ocrx_word' id='word_1_86' title='bbox 388 953 497 1013; x_wconf 80' lang='lat' dir='ltr'><strong>posterius</strong></span> <span class='ocrx_word' id='word_1_87' title='bbox 505 961 546 998; x_wconf 88' lang='lat' dir='ltr'><strong>est.</strong></span> <span class='ocrx_word' id='word_1_88' title='bbox 579 951 644 1012; x_wconf 86' lang='lat' dir='ltr'><strong>Ergo</strong></span> <span class='ocrx_word' id='word_1_89' title='bbox 652 952 731 998; x_wconf 83' lang='lat' dir='ltr'><strong>adrer-</strong></span> 
     </span>
     <span class='ocr_line' id='line_1_14' title="bbox 65 1016 731 1078; baseline -0.008 -12"><span class='ocrx_word' id='word_1_90' title='bbox 65 1034 105 1066; x_wconf 80' lang='lat' dir='ltr'><strong>sus</strong></span> <span class='ocrx_word' id='word_1_91' title='bbox 117 1033 201 1065; x_wconf 88' lang='lat' dir='ltr'><strong>novam</strong></span> <span class='ocrx_word' id='word_1_92' title='bbox 212 1017 382 1077; x_wconf 86' lang='lat' dir='ltr'><strong>provincialium</strong></span> <span class='ocrx_word' id='word_1_93' title='bbox 394 1018 515 1078; x_wconf 83' lang='lat' dir='ltr'><strong>superbiam</strong></span> <span class='ocrx_word' id='word_1_94' title='bbox 525 1017 618 1077; x_wconf 85' lang='lat' dir='ltr'><strong>dignum</strong></span> <span class='ocrx_word' id='word_1_95' title='bbox 627 1016 670 1062; x_wconf 84' lang='lat' dir='ltr'><strong>fide</strong></span> <span class='ocrx_word' id='word_1_96' title='bbox 676 1031 731 1062; x_wconf 85' lang='lat' dir='ltr'><strong>con-</strong></span> 
     </span>
     <span class='ocr_line' id='line_1_15' title="bbox 65 1079 732 1143; baseline -0.007 -12"><span class='ocrx_word' id='word_1_97' title='bbox 65 1081 195 1143; x_wconf 73' lang='lat' dir='ltr'><strong>muriaque</strong></span> <span class='ocrx_word' id='word_1_98' title='bbox 206 1079 311 1127; x_wconf 74' lang='lat' dir='ltr'><strong>Romani</strong></span> <span class='ocrx_word' id='word_1_99' title='bbox 326 1082 438 1142; x_wconf 86' lang='lat' dir='ltr'><strong>capiamus</strong></span> <span class='ocrx_word' id='word_1_100' title='bbox 452 1082 576 1135; x_wconf 84' lang='lat' dir='ltr'><strong>consilium,</strong></span> <span class='ocrx_word' id='word_1_101' title='bbox 594 1096 638 1141; x_wconf 89' lang='lat' dir='ltr'><strong>quo</strong></span> <span class='ocrx_word' id='word_1_102' title='bbox 655 1080 732 1126; x_wconf 72' lang='lat' dir='ltr'><strong>tutelae</strong></span> 
     </span>
     <span class='ocr_line' id='line_1_16' title="bbox 65 1145 732 1206; baseline -0.007 -10"><span class='ocrx_word' id='word_1_103' title='bbox 65 1151 182 1196; x_wconf 79' lang='lat' dir='ltr'><strong>sociorum</strong></span> <span class='ocrx_word' id='word_1_104' title='bbox 194 1147 248 1192; x_wconf 88' lang='lat' dir='ltr'><strong>nihil</strong></span> <span class='ocrx_word' id='word_1_105' title='bbox 259 1146 386 1206; x_wconf 85' lang='lat' dir='ltr'><strong>derogetur,</strong></span> <span class='ocrx_word' id='word_1_106' title='bbox 398 1147 461 1192; x_wconf 91' lang='lat' dir='ltr'><strong>nobis</strong></span> <span class='ocrx_word' id='word_1_107' title='bbox 469 1147 544 1206; x_wconf 91' lang='lat' dir='ltr'><strong>opinio</strong></span> <span class='ocrx_word' id='word_1_108' title='bbox 552 1146 650 1198; x_wconf 80' lang='lat' dir='ltr'><strong>decedat</strong></span> <span class='ocrx_word' id='word_1_109' title='bbox 661 1145 732 1204; x_wconf 85' lang='lat' dir='ltr'><strong>qualis</strong></span> 
     </span>
     <span class='ocr_line' id='line_1_17' title="bbox 65 1210 718 1275; baseline -0.008 -16"><span class='ocrx_word' id='word_1_110' title='bbox 65 1214 165 1275; x_wconf 85' lang='lat' dir='ltr'><strong>quisque</strong></span> <span class='ocrx_word' id='word_1_111' title='bbox 175 1212 288 1262; x_wconf 85' lang='lat' dir='ltr'><strong>habentur,</strong></span> <span class='ocrx_word' id='word_1_112' title='bbox 300 1211 351 1256; x_wconf 87' lang='lat' dir='ltr'><strong>alibi</strong></span> <span class='ocrx_word' id='word_1_113' title='bbox 362 1225 428 1270; x_wconf 87' lang='lat' dir='ltr'><strong>quam</strong></span> <span class='ocrx_word' id='word_1_114' title='bbox 440 1212 462 1255; x_wconf 92' lang='lat' dir='ltr'><strong>in</strong></span> <span class='ocrx_word' id='word_1_115' title='bbox 473 1211 556 1256; x_wconf 89' lang='lat' dir='ltr'><strong>civium</strong></span> <span class='ocrx_word' id='word_1_116' title='bbox 564 1210 648 1271; x_wconf 85' lang='lat' dir='ltr'><strong>judicio</strong></span> <span class='ocrx_word' id='word_1_117' title='bbox 660 1223 718 1254; x_wconf 68' lang='lat' dir='ltr'><strong>esse·</strong></span> 
     </span>
     <span class='ocr_line' id='line_1_18' title="bbox 100 1273 730 1335; baseline -0.011 -11"><span class='ocrx_word' id='word_1_118' title='bbox 100 1274 176 1324; x_wconf 87' lang='lat' dir='ltr'>XXI.</span> <span class='ocrx_word' id='word_1_119' title='bbox 193 1274 366 1335; x_wconf 83' lang='lat' dir='ltr'><strong>“Olimquidem</strong></span> <span class='ocrx_word' id='word_1_120' title='bbox 376 1290 421 1320; x_wconf 91' lang='lat' dir='ltr'><strong>non</strong></span> <span class='ocrx_word' id='word_1_121' title='bbox 429 1275 495 1321; x_wconf 89' lang='lat' dir='ltr'><strong>modo</strong></span> <span class='ocrx_word' id='word_1_122' title='bbox 502 1282 592 1335; x_wconf 73' lang='lat' dir='ltr'><strong>praetor,</strong></span> <span class='ocrx_word' id='word_1_123' title='bbox 598 1281 636 1319; x_wconf 86' lang='lat' dir='ltr'><strong>aut</strong></span> <span class='ocrx_word' id='word_1_124' title='bbox 644 1273 730 1327; x_wconf 86' lang='lat' dir='ltr'><strong>consul,</strong></span> 
     </span>
     <span class='ocr_line' id='line_1_19' title="bbox 65 1338 731 1404; baseline -0.012 -14"><span class='ocrx_word' id='word_1_125' title='bbox 65 1342 107 1390; x_wconf 80' lang='lat' dir='ltr'><strong>sed</strong></span> <span class='ocrx_word' id='word_1_126' title='bbox 117 1341 200 1404; x_wconf 89' lang='lat' dir='ltr'><strong>privati</strong></span> <span class='ocrx_word' id='word_1_127' title='bbox 212 1341 279 1386; x_wconf 88' lang='lat' dir='ltr'><strong>etiam</strong></span> <span class='ocrx_word' id='word_1_128' title='bbox 285 1340 437 1394; x_wconf 87' lang='lat' dir='ltr'><strong>mittebantur,</strong></span> <span class='ocrx_word' id='word_1_129' title='bbox 448 1340 485 1399; x_wconf 89' lang='lat' dir='ltr'><strong>qui</strong></span> <span class='ocrx_word' id='word_1_130' title='bbox 495 1338 620 1401; x_wconf 83' lang='lat' dir='ltr'><strong>provincias</strong></span> <span class='ocrx_word' id='word_1_131' title='bbox 626 1338 731 1393; x_wconf 83' lang='lat' dir='ltr'><strong>viserent,</strong></span> 
     </span>
     <span class='ocr_line' id='line_1_20' title="bbox 64 1400 728 1466; baseline -0.005 -14"><span class='ocrx_word' id='word_1_132' title='bbox 64 1416 97 1462; x_wconf 84' lang='lat' dir='ltr'><strong>et,</strong></span> <span class='ocrx_word' id='word_1_133' title='bbox 117 1406 172 1466; x_wconf 87' lang='lat' dir='ltr'><strong>quid</strong></span> <span class='ocrx_word' id='word_1_134' title='bbox 187 1405 215 1451; x_wconf 92' lang='lat' dir='ltr'><strong>de</strong></span> <span class='ocrx_word' id='word_1_135' title='bbox 229 1405 336 1466; x_wconf 87' lang='lat' dir='ltr'><strong>cujusque</strong></span> <span class='ocrx_word' id='word_1_136' title='bbox 350 1403 455 1462; x_wconf 79' lang='lat' dir='ltr'><strong>obsequio</strong></span> <span class='ocrx_word' id='word_1_137' title='bbox 472 1403 592 1457; x_wconf 87' lang='lat' dir='ltr'><strong>videretur,</strong></span> <span class='ocrx_word' id='word_1_138' title='bbox 606 1400 728 1449; x_wconf 76' lang='lat' dir='ltr'><strong>referrent:</strong></span> 
     </span>
     <span class='ocr_line' id='line_1_21' title="bbox 64 1467 734 1533; baseline -0.009 -15"><span class='ocrx_word' id='word_1_139' title='bbox 64 1471 250 1533; x_wconf 77' lang='lat' dir='ltr'><strong>trepidabantque</strong></span> <span class='ocrx_word' id='word_1_140' title='bbox 267 1475 347 1530; x_wconf 83' lang='lat' dir='ltr'><strong>gentes</strong></span> <span class='ocrx_word' id='word_1_141' title='bbox 362 1468 390 1513; x_wconf 86' lang='lat' dir='ltr'><strong>de</strong></span> <span class='ocrx_word' id='word_1_142' title='bbox 405 1467 569 1514; x_wconf 86' lang='lat' dir='ltr'><strong>existimatione</strong></span> <span class='ocrx_word' id='word_1_143' title='bbox 585 1467 734 1529; x_wconf 85' lang='lat' dir='ltr'><strong>singulorum.</strong></span> 
     </span>
     <span class='ocr_line' id='line_1_22' title="bbox 66 1530 731 1592; baseline -0.008 -9"><span class='ocrx_word' id='word_1_144' title='bbox 66 1536 102 1584; x_wconf 82' lang='lat' dir='ltr'><strong>At</strong></span> <span class='ocrx_word' id='word_1_145' title='bbox 112 1550 175 1583; x_wconf 87' lang='lat' dir='ltr'><strong>nunc</strong></span> <span class='ocrx_word' id='word_1_146' title='bbox 186 1534 281 1581; x_wconf 89' lang='lat' dir='ltr'><strong>colimus</strong></span> <span class='ocrx_word' id='word_1_147' title='bbox 291 1541 397 1579; x_wconf 88' lang='lat' dir='ltr'><strong>externos</strong></span> <span class='ocrx_word' id='word_1_148' title='bbox 407 1540 430 1579; x_wconf 93' lang='lat' dir='ltr'><strong>et</strong></span> <span class='ocrx_word' id='word_1_149' title='bbox 441 1533 566 1578; x_wconf 83' lang='lat' dir='ltr'><strong>adulamur:</strong></span> <span class='ocrx_word' id='word_1_150' title='bbox 586 1541 608 1578; x_wconf 88' lang='lat' dir='ltr'><strong>et</strong></span> <span class='ocrx_word' id='word_1_151' title='bbox 619 1530 731 1592; x_wconf 89' lang='lat' dir='ltr'><strong>quomodo</strong></span> 
     </span>
     <span class='ocr_line' id='line_1_23' title="bbox 65 1597 730 1660; baseline -0.008 -12"><span class='ocrx_word' id='word_1_152' title='bbox 65 1600 96 1648; x_wconf 81' lang='lat' dir='ltr'><strong>ad</strong></span> <span class='ocrx_word' id='word_1_153' title='bbox 106 1607 188 1647; x_wconf 87' lang='lat' dir='ltr'><strong>nutum</strong></span> <span class='ocrx_word' id='word_1_154' title='bbox 200 1598 292 1660; x_wconf 89' lang='lat' dir='ltr'><strong>alicujus</strong></span> <span class='ocrx_word' id='word_1_155' title='bbox 303 1605 385 1659; x_wconf 86' lang='lat' dir='ltr'><strong>grates,</strong></span> <span class='ocrx_word' id='word_1_156' title='bbox 403 1597 435 1644; x_wconf 85' lang='lat' dir='ltr'><strong>ita</strong></span> <span class='ocrx_word' id='word_1_157' title='bbox 444 1598 553 1658; x_wconf 86' lang='lat' dir='ltr'><strong>promtius</strong></span> <span class='ocrx_word' id='word_1_158' title='bbox 565 1598 676 1642; x_wconf 82' lang='lat' dir='ltr'><strong>accusatio</strong></span> <span class='ocrx_word' id='word_1_159' title='bbox 691 1597 730 1643; x_wconf 88' lang='lat' dir='ltr'><strong>de·</strong></span> 
     </span>
     <span class='ocr_line' id='line_1_24' title="bbox 65 1661 731 1723; baseline -0.011 -10"><span class='ocrx_word' id='word_1_160' title='bbox 65 1665 180 1713; x_wconf 85' lang='lat' dir='ltr'><strong>cernitur:</strong></span> <span class='ocrx_word' id='word_1_161' title='bbox 200 1663 374 1723; x_wconf 82' lang='lat' dir='ltr'><strong>decernaturque</strong></span> <span class='ocrx_word' id='word_1_162' title='bbox 385 1661 731 1722; x_wconf 84' lang='lat' dir='ltr'><strong>etmaneatprovinciulibuspo-</strong></span> 
     </span>
     <span class='ocr_line' id='line_1_25' title="bbox 65 1725 732 1777; baseline -0.007 -1"><span class='ocrx_word' id='word_1_163' title='bbox 65 1731 163 1777; x_wconf 87' lang='lat' dir='ltr'><strong>tentiam</strong></span> <span class='ocrx_word' id='word_1_164' title='bbox 175 1743 238 1775; x_wconf 86' lang='lat' dir='ltr'><strong>auam</strong></span> <span class='ocrx_word' id='word_1_165' title='bbox 250 1727 288 1774; x_wconf 85' lang='lat' dir='ltr'><strong>tali</strong></span> <span class='ocrx_word' id='word_1_166' title='bbox 299 1727 367 1774; x_wconf 89' lang='lat' dir='ltr'><strong>modo</strong></span> <span class='ocrx_word' id='word_1_167' title='bbox 377 1727 517 1774; x_wconf 82' lang='lat' dir='ltr'><strong>ostentandi:</strong></span> <span class='ocrx_word' id='word_1_168' title='bbox 537 1726 576 1772; x_wconf 89' lang='lat' dir='ltr'><strong>sed</strong></span> <span class='ocrx_word' id='word_1_169' title='bbox 586 1727 635 1772; x_wconf 88' lang='lat' dir='ltr'><strong>laus</strong></span> <span class='ocrx_word' id='word_1_170' title='bbox 645 1725 700 1771; x_wconf 84' lang='lat' dir='ltr'><strong>falsa</strong></span> <span class='ocrx_word' id='word_1_171' title='bbox 708 1733 732 1772; x_wconf 90' lang='lat' dir='ltr'><strong>et</strong></span> 
     </span>
     <span class='ocr_line' id='line_1_26' title="bbox 65 1790 732 1858; baseline -0.007 -18"><span class='ocrx_word' id='word_1_172' title='bbox 65 1794 172 1858; x_wconf 86' lang='lat' dir='ltr'><strong>precibus</strong></span> <span class='ocrx_word' id='word_1_173' title='bbox 184 1807 289 1853; x_wconf 83' lang='lat' dir='ltr'><strong>expressa</strong></span> <span class='ocrx_word' id='word_1_174' title='bbox 298 1791 390 1853; x_wconf 80' lang='lat' dir='ltr'><strong>perinde</strong></span> <span class='ocrx_word' id='word_1_175' title='bbox 401 1792 551 1845; x_wconf 88' lang='lat' dir='ltr'><strong>cohibeantur,</strong></span> <span class='ocrx_word' id='word_1_176' title='bbox 565 1805 630 1850; x_wconf 88' lang='lat' dir='ltr'><strong>quam</strong></span> <span class='ocrx_word' id='word_1_177' title='bbox 642 1790 732 1847; x_wconf 82' lang='lat' dir='ltr'><strong>malitia,</strong></span> 
     </span>
     <span class='ocr_line' id='line_1_27' title="bbox 66 1854 732 1921; baseline -0.009 -15"><span class='ocrx_word' id='word_1_178' title='bbox 66 1873 136 1921; x_wconf 87' lang='lat' dir='ltr'><strong>quam</strong></span> <span class='ocrx_word' id='word_1_179' title='bbox 147 1857 275 1905; x_wconf 82' lang='lat' dir='ltr'><strong>crudelitas.</strong></span> <span class='ocrx_word' id='word_1_180' title='bbox 306 1855 376 1902; x_wconf 87' lang='lat' dir='ltr'><strong>Plura</strong></span> <span class='ocrx_word' id='word_1_181' title='bbox 386 1871 447 1918; x_wconf 85' lang='lat' dir='ltr'><strong>saepe</strong></span> <span class='ocrx_word' id='word_1_182' title='bbox 456 1864 583 1918; x_wconf 89' lang='lat' dir='ltr'><strong>peccantur,</strong></span> <span class='ocrx_word' id='word_1_183' title='bbox 594 1854 647 1901; x_wconf 90' lang='lat' dir='ltr'><strong>dum</strong></span> <span class='ocrx_word' id='word_1_184' title='bbox 656 1855 732 1919; x_wconf 81' lang='lat' dir='ltr'><strong>deme·</strong></span> 
     </span>
     <span class='ocr_line' id='line_1_28' title="bbox 66 1919 732 1983; baseline -0.012 -11"><span class='ocrx_word' id='word_1_185' title='bbox 66 1938 151 1978; x_wconf 70' lang='lat' dir='ltr'><strong>mmor,</strong></span> <span class='ocrx_word' id='word_1_186' title='bbox 169 1936 235 1983; x_wconf 89' lang='lat' dir='ltr'><strong>quam</strong></span> <span class='ocrx_word' id='word_1_187' title='bbox 246 1921 300 1967; x_wconf 87' lang='lat' dir='ltr'><strong>dum</strong></span> <span class='ocrx_word' id='word_1_188' title='bbox 311 1919 451 1969; x_wconf 77' lang='lat' dir='ltr'><strong>offendimus,</strong></span> <span class='ocrx_word' id='word_1_189' title='bbox 485 1920 594 1974; x_wconf 78' lang='lat' dir='ltr'><strong>Quaedam</strong></span> <span class='ocrx_word' id='word_1_190' title='bbox 606 1920 676 1965; x_wconf 91' lang='lat' dir='ltr'><strong>immo</strong></span> <span class='ocrx_word' id='word_1_191' title='bbox 686 1919 732 1965; x_wconf 82' lang='lat' dir='ltr'><strong>rir-</strong></span> 
     </span>
     <span class='ocr_line' id='line_1_29' title="bbox 67 1984 733 2041; baseline -0.009 -6"><span class='ocrx_word' id='word_1_192' title='bbox 67 1995 130 2036; x_wconf 87' lang='lat' dir='ltr'><strong>tutes</strong></span> <span class='ocrx_word' id='word_1_193' title='bbox 138 1987 191 2034; x_wconf 91' lang='lat' dir='ltr'><strong>odio</strong></span> <span class='ocrx_word' id='word_1_194' title='bbox 200 1993 258 2040; x_wconf 76' lang='lat' dir='ltr'><strong>sunt</strong></span> <span class='ocrx_word' id='word_1_195' title='bbox 270 1987 500 2039; x_wconf 72' lang='lat' dir='ltr'><strong>severitasobstinata,</strong></span> <span class='ocrx_word' id='word_1_196' title='bbox 512 1984 733 2041; x_wconf 78' lang='lat' dir='ltr'><strong>invictusadversum</strong></span> 
     </span>
     <span class='ocr_line' id='line_1_30' title="bbox 67 2048 734 2117; baseline -0.009 -16"><span class='ocrx_word' id='word_1_197' title='bbox 67 2053 165 2117; x_wconf 76' lang='lat' dir='ltr'><strong>gratiam</strong></span> <span class='ocrx_word' id='word_1_198' title='bbox 181 2052 276 2097; x_wconf 84' lang='lat' dir='ltr'><strong>animus.</strong></span> <span class='ocrx_word' id='word_1_199' title='bbox 308 2048 366 2097; x_wconf 85' lang='lat' dir='ltr'><strong>Indo</strong></span> <span class='ocrx_word' id='word_1_200' title='bbox 382 2051 445 2096; x_wconf 89' lang='lat' dir='ltr'><strong>initia</strong></span> <span class='ocrx_word' id='word_1_201' title='bbox 458 2050 629 2110; x_wconf 86' lang='lat' dir='ltr'><strong>magistratuum</strong></span> <span class='ocrx_word' id='word_1_202' title='bbox 645 2055 734 2095; x_wconf 77' lang='lat' dir='ltr'><strong>nostro·-</strong></span> 
     </span>
     <span class='ocr_line' id='line_1_31' title="bbox 67 2112 735 2169; baseline -0.012 -4"><span class='ocrx_word' id='word_1_203' title='bbox 67 2132 119 2166; x_wconf 84' lang='lat' dir='ltr'><strong>rum</strong></span> <span class='ocrx_word' id='word_1_204' title='bbox 131 2117 225 2163; x_wconf 88' lang='lat' dir='ltr'><strong>meliora</strong></span> <span class='ocrx_word' id='word_1_205' title='bbox 235 2116 311 2169; x_wconf 80' lang='lat' dir='ltr'><strong>ferme,</strong></span> <span class='ocrx_word' id='word_1_206' title='bbox 324 2122 347 2161; x_wconf 91' lang='lat' dir='ltr'><strong>et</strong></span> <span class='ocrx_word' id='word_1_207' title='bbox 357 2114 408 2160; x_wconf 85' lang='lat' dir='ltr'><strong>finis</strong></span> <span class='ocrx_word' id='word_1_208' title='bbox 419 2114 517 2166; x_wconf 83' lang='lat' dir='ltr'><strong>inclinat,</strong></span> <span class='ocrx_word' id='word_1_209' title='bbox 530 2114 591 2166; x_wconf 87' lang='lat' dir='ltr'><strong>dum,</strong></span> <span class='ocrx_word' id='word_1_210' title='bbox 607 2113 631 2157; x_wconf 92' lang='lat' dir='ltr'><strong>in</strong></span> <span class='ocrx_word' id='word_1_211' title='bbox 642 2112 735 2158; x_wconf 88' lang='lat' dir='ltr'><strong>modum</strong></span> 
     </span>
     <span class='ocr_line' id='line_1_32' title="bbox 52 2176 734 2242; baseline -0.012 -11"><span class='ocrx_word' id='word_1_212' title='bbox 52 2182 244 2234; x_wconf 66' lang='lat' dir='ltr'><strong>‚candidatorum</strong></span> <span class='ocrx_word' id='word_1_213' title='bbox 252 2178 358 2242; x_wconf 81' lang='lat' dir='ltr'><strong>suffragia</strong></span> <span class='ocrx_word' id='word_1_214' title='bbox 365 2179 531 2239; x_wconf 88' lang='lat' dir='ltr'><strong>conquirimus:</strong></span> <span class='ocrx_word' id='word_1_215' title='bbox 551 2191 602 2236; x_wconf 82' lang='lat' dir='ltr'><strong>quae</strong></span> <span class='ocrx_word' id='word_1_216' title='bbox 613 2176 631 2222; x_wconf 83' lang='lat' dir='ltr'><strong>si</strong></span> <span class='ocrx_word' id='word_1_217' title='bbox 643 2190 734 2223; x_wconf 86' lang='lat' dir='ltr'><strong>arcean-</strong></span> 
     </span>
     <span class='ocr_line' id='line_1_33' title="bbox 68 2241 730 2306; baseline -0.011 -13"><span class='ocrx_word' id='word_1_218' title='bbox 68 2254 113 2301; x_wconf 86' lang='lat' dir='ltr'><strong>tur,</strong></span> <span class='ocrx_word' id='word_1_219' title='bbox 123 2245 254 2306; x_wconf 80' lang='lat' dir='ltr'><strong>aequabilius</strong></span> <span class='ocrx_word' id='word_1_220' title='bbox 262 2252 328 2305; x_wconf 88' lang='lat' dir='ltr'><strong>atque</strong></span> <span class='ocrx_word' id='word_1_221' title='bbox 336 2244 475 2291; x_wconf 88' lang='lat' dir='ltr'><strong>constantius</strong></span> <span class='ocrx_word' id='word_1_222' title='bbox 482 2241 605 2303; x_wconf 76' lang='lat' dir='ltr'><strong>provinciae</strong></span> <span class='ocrx_word' id='word_1_223' title='bbox 614 2248 730 2301; x_wconf 82' lang='lat' dir='ltr'><strong>regentur:</strong></span> 
     </span>
     <span class='ocr_line' id='line_1_34' title="bbox 68 2305 734 2370; baseline -0.017 -10"><span class='ocrx_word' id='word_1_224' title='bbox 68 2326 122 2359; x_wconf 82' lang='lat' dir='ltr'><strong>nam</strong></span> <span class='ocrx_word' id='word_1_225' title='bbox 133 2322 160 2358; x_wconf 86' lang='lat' dir='ltr'><strong>ut</strong></span> <span class='ocrx_word' id='word_1_226' title='bbox 171 2318 232 2356; x_wconf 85' lang='lat' dir='ltr'><strong>metu</strong></span> <span class='ocrx_word' id='word_1_227' title='bbox 244 2309 415 2370; x_wconf 88' lang='lat' dir='ltr'><strong>repetundarum</strong></span> <span class='ocrx_word' id='word_1_228' title='bbox 426 2307 520 2354; x_wconf 81' lang='lat' dir='ltr'><strong>infracta</strong></span> <span class='ocrx_word' id='word_1_229' title='bbox 535 2306 627 2353; x_wconf 88' lang='lat' dir='ltr'><strong>avaritia</strong></span> <span class='ocrx_word' id='word_1_230' title='bbox 637 2313 679 2360; x_wconf 77' lang='lat' dir='ltr'><strong>est,</strong></span> <span class='ocrx_word' id='word_1_231' title='bbox 695 2305 734 2361; x_wconf 79' lang='lat' dir='ltr'><strong>ita,</strong></span> 
     </span>
     <span class='ocr_line' id='line_1_35' title="bbox 67 2367 713 2428; baseline -0.015 -4"><span class='ocrx_word' id='word_1_232' title='bbox 67 2374 141 2424; x_wconf 77' lang='lat' dir='ltr'><strong>verita</strong></span> <span class='ocrx_word' id='word_1_233' title='bbox 194 2376 274 2421; x_wconf 86' lang='lat' dir='ltr'><strong>tisrum</strong></span> <span class='ocrx_word' id='word_1_234' title='bbox 285 2370 380 2428; x_wconf 85' lang='lat' dir='ltr'><strong>action&#39;e,</strong></span> <span class='ocrx_word' id='word_1_235' title='bbox 392 2373 482 2420; x_wconf 84' lang='lat' dir='ltr'><strong>ambitio</strong></span> <span class='ocrx_word' id='word_1_236' title='bbox 493 2367 654 2418; x_wconf 84' lang='lat' dir='ltr'><strong>cohibebitur.”</strong></span> <span class='ocrx_word' id='word_1_237' title='bbox 710 2418 713 2423; x_wconf 87' lang='lat'><em>.</em></span> 
     </span>
     <span class='ocr_line' id='line_1_36' title="bbox 103 2434 734 2500; baseline -0.008 -15"><span class='ocrx_word' id='word_1_238' title='bbox 103 2438 156 2486; x_wconf 88' lang='lat' dir='ltr'><strong>XX</strong></span> <span class='ocrx_word' id='word_1_239' title='bbox 171 2437 191 2486; x_wconf 90' lang='lat'><strong>1.</strong></span> <span class='ocrx_word' id='word_1_240' title='bbox 209 2438 298 2500; x_wconf 82' lang='lat' dir='ltr'><strong>Magno</strong></span> <span class='ocrx_word' id='word_1_241' title='bbox 314 2452 406 2485; x_wconf 82' lang='lat' dir='ltr'><strong>assensu</strong></span> <span class='ocrx_word' id='word_1_242' title='bbox 420 2438 530 2485; x_wconf 85' lang='lat' dir='ltr'><strong>celebrata</strong></span> <span class='ocrx_word' id='word_1_243' title='bbox 547 2434 669 2481; x_wconf 81' lang='lat' dir='ltr'><strong>sententia:</strong></span> <span class='ocrx_word' id='word_1_244' title='bbox 688 2448 734 2497; x_wconf 84' lang='lat' dir='ltr'><strong>non</strong></span> 
     </span>
     <span class='ocr_line' id='line_1_37' title="bbox 71 2498 735 2565; baseline -0.014 -12"><span class='ocrx_word' id='word_1_245' title='bbox 71 2504 389 2553; x_wconf 70' lang='lat' dir='ltr'><strong>mensenatis-consultum</strong></span> <span class='ocrx_word' id='word_1_246' title='bbox 401 2501 476 2565; x_wconf 84' lang='lat' dir='ltr'><strong>perfici</strong></span> <span class='ocrx_word' id='word_1_247' title='bbox 492 2500 571 2562; x_wconf 79' lang='lat' dir='ltr'><strong>potuit,</strong></span> <span class='ocrx_word' id='word_1_248' title='bbox 588 2498 735 2546; x_wconf 83' lang='lat' dir='ltr'><strong>abnuentibus</strong></span> 
     </span>
     <span class='ocr_line' id='line_1_38' title="bbox 70 2564 735 2626; baseline -0.011 -9"><span class='ocrx_word' id='word_1_249' title='bbox 70 2569 201 2617; x_wconf 78' lang='lat' dir='ltr'><strong>consubbus</strong></span> <span class='ocrx_word' id='word_1_250' title='bbox 215 2567 243 2615; x_wconf 76' lang='lat' dir='ltr'><strong>ed</strong></span> <span class='ocrx_word' id='word_1_251' title='bbox 259 2567 288 2614; x_wconf 89' lang='lat' dir='ltr'><strong>de</strong></span> <span class='ocrx_word' id='word_1_252' title='bbox 305 2583 329 2615; x_wconf 91' lang='lat' dir='ltr'><strong>re</strong></span> <span class='ocrx_word' id='word_1_253' title='bbox 348 2568 450 2616; x_wconf 80' lang='lat' dir='ltr'><strong>relatum.</strong></span> <span class='ocrx_word' id='word_1_254' title='bbox 481 2565 550 2621; x_wconf 73' lang='lat' dir='ltr'><strong>Mox,</strong></span> <span class='ocrx_word' id='word_1_255' title='bbox 566 2571 658 2611; x_wconf 84' lang='lat' dir='ltr'><strong>auctore</strong></span> <span class='ocrx_word' id='word_1_256' title='bbox 672 2564 735 2626; x_wconf 84' lang='lat' dir='ltr'><strong>prin-</strong></span> 
     </span>
     <span class='ocr_line' id='line_1_39' title="bbox 64 2628 757 2701; baseline -0.004 -23"><span class='ocrx_word' id='word_1_257' title='bbox 64 2634 124 2693; x_wconf 79' lang='lat' dir='ltr'><strong>etpe,·</strong></span> <span class='ocrx_word' id='word_1_258' title='bbox 140 2630 246 2692; x_wconf 67' lang='lat' dir='ltr'><strong>sanxere,</strong></span> <span class='ocrx_word' id='word_1_259' title='bbox 264 2650 297 2686; x_wconf 91' lang='lat' dir='ltr'><strong>ne</strong></span> <span class='ocrx_word' id='word_1_260' title='bbox 307 2635 360 2701; x_wconf 89' lang='lat' dir='ltr'><strong>quis</strong></span> <span class='ocrx_word' id='word_1_261' title='bbox 368 2636 405 2688; x_wconf 84' lang='lat' dir='ltr'><strong>¹ad</strong></span> <span class='ocrx_word' id='word_1_262' title='bbox 416 2634 544 2688; x_wconf 81' lang='lat' dir='ltr'><strong>concibum</strong></span> <span class='ocrx_word' id='word_1_263' title='bbox 553 2628 757 2682; x_wconf 71' lang='lat' dir='ltr'><strong>sociorumreiex·</strong></span> 
     </span>
     <span class='ocr_line' id='line_1_40' title="bbox 93 2708 578 2749; baseline 0.008 -10"><span class='ocrx_word' id='word_1_264' title='bbox 93 2708 147 2744; x_wconf 67' lang='lat' dir='ltr'><strong>voa.</strong></span> <span class='ocrx_word' id='word_1_265' title='bbox 159 2711 189 2746; x_wconf 78' lang='grc' dir='ltr'><strong>Π.</strong></span> <span class='ocrx_word' id='word_1_266' title='bbox 557 2716 578 2749; x_wconf 71' lang='lat' dir='ltr'><strong>x.</strong></span> 
     </span>
    </p>
   </div>
   <div class='ocr_carea' id='block_1_3' title="bbox 0 0 846 3188">
    <p class='ocr_par' dir='ltr' id='par_1_3' title="bbox 0 0 846 3188">
     <span class='ocr_line' id='line_1_41' title="bbox 0 0 846 3188; baseline 0 0"><span class='ocrx_word' id='word_1_267' title='bbox 0 0 846 3188; x_wconf 95' lang='lat' dir='ltr'><strong> </strong></span> 
     </span>
    </p>
   </div>
  </div>
 </body>
</html>
