1680 3188
77 107 178 170 secr·
241 118 372 171 Lis-XVI.
384 119 580 171 ANNALIUM.
694 127 739 175 157

77 266 194 312 vanasque
207 252 312 314 principis
326 267 390 299 curas
403 254 484 314 passim
498 253 598 301 miratus.
629 251 737 308 Nondum

79 317 215 364 Amniam
223 325 271 364 erat
281 317 401 378 ingressus,
410 332 460 362 cum
472 315 577 373 Corbulo,
589 317 674 364 obviam
686 333 738 379 pro·

78 396 180 443 gressus,
191 381 255 427 datos
271 382 358 442 quidem
375 379 471 428 artifices
486 396 561 442 regem
578 382 640 442 sequi
656 383 738 444 permi-

79 446 125 502 sit3
143 445 183 492 sed
193 447 263 492 coacti
274 445 368 506 pecuniis
373 446 430 507 jussi
441 444 538 492 Romam
549 446 638 492 reverti.
670 446 738 501 Quod

78 507 193 556 Romanae
204 510 318 572 dignitatis
328 510 417 556 tuendae
428 510 524 555 studium
538 510 600 556 ducis
610 510 690 558 famam
701 512 737 557 in·

77 573 158 627 tendit,
173 574 277 635 principis
293 575 379 621 minuit.
410 572 573 620 Beneficiorum
589 582 663 622 tamen
679 576 736 622 haud

75 638 197 684 immemor
218 636 328 684 Tiridates
347 638 464 696 Artaxata,
484 638 561 698 quibus
580 654 661 686 nomen
682 640 736 687 fecit

76 700 201 756 Neroneia,
212 703 315 748 restituit.

110 763 212 829 [Interea
231 766 289 827 apud
314 764 413 820 Judaeos,
432 773 522 828 gentem
545 768 585 814 sibi
604 768 733 824 discordem,

74 829 150 878 dirum
169 840 281 877 exarserat
301 830 390 884 bellurn,
411 831 486 877 Gessii
508 831 569 878 Flori
587 834 735 895 procuratoris

74 892 174 950 avaritii,
195 893 266 943 Cestii
284 895 351 949 Galli,
371 895 443 955 Syriae
458 895 533 956 legati,
553 897 661 950 tarditate,
682 912 733 942 cum

73 956 159 1021 magni
174 957 328 1006 Romanomm
347 959 415 1013 clade,
434 957 500 1020 capti
515 958 560 1006 uni
577 959 655 1020 aquilii,
671 976 732 1023 coep-

73 1030 130 1079 tum,
151 1021 252 1084 felicibus
273 1022 405 1085 Vespasiani
430 1023 533 1084 auspiciis
554 1032 690 1085 reparatum,
706 1041 732 1073 ac

72 1087 165 1135 tandem
178 1088 256 1134 invisas
271 1089 346 1148 gentis
362 1087 458 1133 exscidia
474 1088 605 1143 absolutum,
617 1090 649 1134 uti
659 1089 731 1136 fusius

72 1152 130 1199 alias
149 1166 225 1198 sumus
247 1152 333 1198 dicturi.
365 1150 398 1198 At
419 1151 441 1197 id
463 1167 523 1199 curae
545 1158 592 1197 tum
614 1154 730 1213 spernebat

24 1245 27 1250 ·
70 1214 144 1271 Nero,
155 1215 221 1263 famae
232 1216 320 1276 quidem
331 1223 443 1278 appetens,
454 1216 492 1262 sed
503 1231 553 1276 quae
563 1231 603 1276 per
613 1216 730 1264 immodica

69 1286 191 1345 pararetur.
223 1279 336 1343 Neglecto
349 1281 423 1340 itaque
432 1280 536 1342 praesenti
551 1279 681 1335 discrimine,
693 1282 729 1327 in·

68 1346 147 1408 gentis
164 1345 375 1406 agitabat'consilia,
385 1344 464 1404 quibus
480 1343 599 1406 AEthiopes
616 1342 727 1392 Albanos·

68 1425 114 1472 que
124 1411 217 1471 irnperio
228 1408 332 1456 Romano
343 1409 439 1455 adderet

102 1471 179 1537 [Dum
196 1474 314 1519 mittuntur
330 1474 488 1536 exploratores,
506 1480 629 1534 caeteraque
644 1488 727 1536 magno

66 1552 175 1600 apparatu
192 1537 343 1599 disponuntur,
355 1537 412 1583 forte
428 1535 510 1584 vendre
520 1553 533 1584 e
544 1538 633 1585 Graecis
648 1539 726 1586 civita·

68 1603 134 1658 tibus,
145 1603 243 1649 musicos
254 1617 338 1664 agones
349 1603 414 1648 edere
424 1602 501 1656 solitis,
512 1602 586 1663 legati,
598 1603 635 1663 qui
647 1618 725 1650 omnes

66 1667 239 1714 eitharoedorum
252 1681 345 1713 coronas
358 1667 467 1726 adipsum
477 1665 606 1727 perferrent.
638 1667 725 1714 Mimm

67 1739 94 1781 ut
107 1732 191 1794 placuit
205 1747 287 1778 novum
305 1731 459 1778 assentationis
469 1744 549 1791 genus·
580 1725 662 1792 legati
679 1738 725 1779 sta·

66 1797 108 1843 tim
124 1797 223 1853 admissi,
239 1796 381 1843 familiaribus
396 1795 473 1842 inserti
486 1794 572 1855 epulis:
593 1795 724 1843 adulationis

65 1861 138 1922 periti,
149 1860 271 1922 principem
281 1869 305 1906 ut
316 1877 381 1923 super
392 1874 479 1907 coennm
490 1864 564 1905 cantet
573 1867 661 1921 rogant.
677 1859 724 1907 Vix

64 1921 162 1979 audiere,
174 1925 197 1970 in
210 1925 285 1971 laudes
295 1924 365 1981 effusi,
380 1925 467 1971 insitum
478 1924 598 1970 vanitatem
612 1924 644 1970 ita
659 1924 724 1971 inda-

64 1987 126 2044 νὲτε,
144 1996 169 2036 ut
185 1990 245 2036 solos
260 1991 315 2036 scire
331 1989 406 2036 audire
422 1990 522 2044 Graecos,
540 1988 599 2034 solos
616 2003 647 2041 se,
664 1990 724 2036 solos

64 2054 145 2101 studiis
161 2054 207 2100 suis
225 2054 305 2116 dignos
316 2055 416 2116 jactitet:
439 2070 463 2100 se
479 2068 506 2098 eo
523 2051 681 2112 profecturum,
697 2061 723 2099 ut

64 2117 163 2166 Romam
179 2126 294 2179 totumque
313 2127 418 2164 terrarum
437 2118 511 2163 orbem
529 2123 627 2162 coronet.
658 2116 722 2176 Nihil

62 2184 147 2230 veteris
161 2183 313 2229 sollicitudinis
328 2188 434 2244 superest.
467 2178 495 2227 In
510 2181 638 2227 theatricam
653 2196 721 2242 expe-

61 2247 170 2295 ditionem
184 2262 290 2308 praeceps,
302 2246 410 2293 Achaiam
423 2246 493 2306 petit;
509 2245 537 2291 ad
548 2259 644 2298 scenam,
654 2252 680 2291 ut
693 2245 722 2306 ad

60 2305 145 2361 bellum
161 2311 279 2372 profectus.
312 2311 424 2372 Tigellino
435 2311 496 2356 enim
512 2309 574 2363 duce,
586 2324 661 2356 comes
676 2309 723 2358 ibat

62 2375 248 2436 Augustinorum
260 2383 283 2421 et
299 2383 421 2422 scortorum
437 2375 506 2428 turba,
518 2374 613 2428 citharis,
623 2373 719 2434 plectris,

61 2440 170 2501 personis,
197 2440 310 2486 libidinum
337 2441 482 2496 ornamentis,
504 2444 543 2485 aut
564 2439 717 2494 incitamentis,

59 2505 144 2565 gravis.
178 2503 213 2549 Ut
227 2505 322 2565 primum
335 2502 457 2566 Cassiopen
468 2505 589 2566 thectum
602 2503 675 2548 statim
690 2503 718 2563 ad

59 2582 120 2613 aram
137 2565 202 2615 Josis
215 2566 287 2615 Cassii
303 2577 380 2616 cantus
397 2566 491 2632 coepdre.
524 2568 562 2615 Sic
578 2568 668 2616 Graecia
683 2575 718 2630 tot

54 2638 195 2741 scytghappos
210 2631 321 2694 Flaminii,
334 2634 452 2699 Mummii,
464 2634 577 2702 Agrippa
586 2640 612 2684 tl
629 2631 734 2696 illidii*

123 2726 129 2739 .
526 2719 539 2752 r
