1680 3188
103 170 137 212 90
181 158 373 208 ANNALIUM
387 158 515 206 L1s.XlV.
528 157 587 206 Cur.
596 162 633 206 52.
655 163 683 201 ι’.
693 164 717 202 C.
727 163 772 205 316.

104 294 203 341 ilictatus
215 301 258 345 est,
268 292 328 351 quod
342 292 414 337 multa
424 300 447 337 et
458 292 565 351 probrosa
576 292 599 336 in
615 299 689 352 patres
701 300 725 339 et
736 308 772 340 sa·

105 360 208 407 cordotas
218 357 387 419 composuisset,
402 357 430 402 iis
441 356 508 410 libris,
517 357 597 416 quibus
608 371 691 403 nomen
701 355 773 405 Codi-

105 424 208 472 cillorum
228 422 324 469 dederet
357 421 484 484 Adjiciebat
502 420 582 467 Talius
594 421 715 477 Geminus,
734 437 781 474 ec·,

105 497 203 542 cusator,
220 487 334 534 venditata
352 488 380 533 ab
398 501 426 532 eo
444 501 538 532 munera
554 486 668 547 principis,
687 493 711 534 ct
724 488 773 534 sdi-

105 555 262 617 piscendorum
280 553 391 598 bonorum
404 553 458 614 jus:
478 566 530 610 quae
545 565 613 597 causa
627 550 716 598 Neroni
730 551 774 600 luit

107 619 242 680 suscipiendi
255 617 347 679 judicii:
362 617 535 676 convictumque
542 614 694 663 Veientonem
707 614 774 664 Italia

107 685 199 747 depulit,
207 691 231 729 ct
237 683 304 729 libros
313 683 376 729 exuri
381 681 457 741 jussit,
462 682 601 741 conquisitos
608 681 773 742 lectitatosque,

107 750 179 797 donec
190 763 241 794 cum
248 747 348 809 periculo
356 747 502 807 parabantur:
516 745 773 795 moxlicentiababendt

107 815 243 861 oblivionem
254 812 335 858 attulit

139 877 184 924 Ll.
199 877 244 924 Sed
252 876 436 936 gravescentibus
443 877 467 922 in
474 876 522 922 dies
530 877 624 939 publicis
632 877 706 934 malis,
718 878 772 924 sub-

108 944 164 991 sidia
175 943 344 988 minuebantur:
364 941 519 1001 concessitque
531 939 578 988 vitri
590 940 684 997 Burrus,
696 943 772 989 incer-

106 1015 156 1055 tum
173 1007 309 1063 valetudine,
324 1021 353 1052 sn
369 1020 466 1052 veneno.
500 1004 613 1052 Valetudo
628 1021 658 1052 ex
672 1022 701 1053 eo
714 1022 771 1054 coo·

101 1073 234 1135 ,iectabatun
246 1071 306 1132 quod
315 1071 339 1116 in
354 1086 379 1117 se
394 1071 570 1118 tumescentibus
581 1071 688 1132 paulatim
699 1071 772 1120 sauci·

106 1140 156 1193 bus,
175 1145 198 1184 et
216 1136 322 1198 impedito
339 1142 422 1189 meatu,
441 1136 542 1198 spiritum
560 1135 664 1182 liniebat:
687 1137 772 1199 plures,

103 1205 170 1266 jussu
188 1201 295 1256 Neronis,
311 1202 374 1262 quasi
391 1202 513 1247 remedium
530 1201 677 1256 adhiberetur,
688 1201 772 1250 illitam

107 1269 206 1331 palatum
223 1268 271 1330 ejus
290 1267 359 1312 noxio
378 1266 531 1321 medicamine,
554 1267 726 1314 asseverabant:
748 1274 778 1316 et'

106 1333 213 1387 Burrum,
233 1331 348 1377 intellecto
365 1331 455 1384 scelere,
470 1345 521 1376 oum
537 1331 566 1378 ad
584 1331 702 1378 visendum
719 1347 773 1380 eum

106 1400 210 1461 princeps
220 1397 328 1453 venisset,
340 1396 469 1457 adspectum
481 1397 529 1456 ejus
540 1403 674 1453 aversatum,
695 1398 777 1445 scisci··

107 1464 164 1510 tanti
176 1465 284 1509 hactenus
295 1461 443 1523 respondisse,
458 1460 532 1522 “Ego
550 1477 587 1508 me
600 1463 657 1508 bene
674 1461 771 1510 hsbeo.”

108 1526 202 1577 Civitati
210 1527 296 1591 grande
302 1526 436 1573 desiderium
441 1526 489 1588 ejus
497 1527 585 1580 meunt,
593 1529 773 1588 permemoriam
786 1568 789 1573 .

106 1592 203 1649 virtutis,
211 1600 235 1638 et
241 1606 395 1638 successorum
404 1591 495 1638 alterius
506 1606 601 1653 segnem
612 1592 774 1649 innocentiam,

106 1658 198 1704 alterius
214 1654 390 1718 flagrantissima
404 1655 491 1718 flagitia
506 1665 530 1703 et
548 1657 671 1703 adulteria:
692 1659 784 1720 qnippe·

108 1721 187 1771 Caesar
195 1722 251 1768 duos
258 1723 369 1783 praetoriis
376 1722 504 1768 cohortibus
511 1723 660 1783 imposuerat:
676 1721 775 1771 Fenium

106 1786 204 1844 Rufum,
215 1801 245 1832 ex
256 1786 319 1848 vulgi
329 1786 413 1840 favore,
422 1787 475 1847 quia
485 1803 533 1833 rem
544 1787 713 1836 frumentariam
725 1789 777 1837 sine

106 1859 196 1914 questu
217 1852 337 1898 tractabat:
365 1851 483 1898 Sofonium
503 1851 649 1915 Tigellinum,
672 1861 776 1903 veterem

107 1917 267 1978 impudicitiam
279 1924 346 1978 atque
360 1916 474 1963 infamiam
486 1918 510 1963 in
523 1933 550 1964 eo
565 1924 662 1965 secutus.
695 1919 775 1980 Atque

107 1982 140 2029 illi
157 1997 198 2042 pro
213 1983 311 2043 cognitis
327 1983 427 2029 moribus
442 1980 519 2029 suere:
538 1983 633 2029 validior
644 1981 793 2046 Tigellinus,

107 2048 131 2094 iu
146 2047 221 2094 animo
231 2047 344 2109 principis,
359 2053 383 2094 et
394 2048 478 2094 intimis
493 2047 620 2095 libidinibus
639 2057 771 2097 assumtus:

121 2111 213 2174 respersi
226 2113 304 2176 populi
316 2120 339 2159 et
349 2112 446 2158 militum
462 2111 523 2159 famei
533 2112 624 2170 Rufum
641 2115 702 2175 quod
713 2115 774 2178 apud

105 2128 223 2224 lieronem
234 2179 353 2224 adversum
360 2178 522 2239 experiebatur.

139 2240 196 2288 Lll.
220 2241 287 2288 Mors
307 2242 375 2289 Burri
393 2241 487 2304 infregit
514 2244 609 2291 Senecae
630 2245 774 2307 potentiam3

105 2306 158 2367 quia
168 2322 211 2353 nec
226 2307 291 2353 bonis
301 2308 385 2353 artibus
395 2308 455 2354 idem
466 2308 547 2355 virium
559 2316 613 2364 erat,
625 2311 696 2356 altero
711 2311 775 2359 velut

100 2371 255 2428 duceamoto,
273 2379 298 2420 et
316 2371 381 2420 Nero
399 2372 429 2420 ad
445 2373 570 2421 deteriores
576 2374 709 2419 inclinabat.
739 2376 779 2420 ut

89 2436 161 2485 variis
172 2439 381 2489 criminationibus
394 2439 511 2488 Senecam
518 2439 665 2487 adoriuntur,
673 2444 795 2490 umquam

73 2498 196 2560 urgentes
208 2512 235 2553 et
244 2507 373 2570 privatum
393 2521 467 2570 supra
479 2505 583 2552 modum
592 2504 689 2547 evectas
698 2508 759 2552 outa
766 2494 809 2536 ὼ

63 2561 120 2611 ‘¹¹10
131 2583 247 2631 tugeret,
269 2577 396 2639 quodque
418 2572 504 2621 studia
520 2569 615 2618 civium
626 2564 658 2607 'm
672 2558 817 2650 severiane}

102 2647 198 2705 ..orum
222 2656 331 2704 quoque
358 2641 519 2690 amaenitate
540 2641 571 2681 et
590 2627 710 2674 mierum
722 2622 805 2667 ΜΨ

126 2692 135 2747 ¹
147 2707 231 2765 ‘lm'
244 2710 408 2777 Principem
422 2699 670 2774 supergrederetur·
699 2668 817 2736 Ollitv't&
