1680 3188
92 122 198 209 ron.
244 156 684 210 aunuuruuunuvenro.
720 165 787 235 ιοεδ

89 308 162 357 opera
172 290 228 356 fugd
238 292 345 355 perrupit,
357 306 425 352 seque
432 290 492 337 vallo
500 289 594 337 extulit:
614 298 638 359 et
647 291 692 353 pila
702 290 762 338 rnili-

89 369 142 406 tum
153 355 237 413 arsere,
248 359 322 419 magis
332 357 416 419 insigni
424 356 534 418 prodigio,
545 352 702 416 qulaParthns
709 357 762 403 hos·

92 425 122 471 tis
133 423 257 470 missilibus
268 423 320 468 telis
329 422 435 484 decertat.

126 487 202 535 VIII.
219 485 335 536 Caeterum
344 486 430 540 Paetus,
440 486 521 547 spretis
530 486 647 541 ominibus,
659 486 764 534 necdum

90 553 145 601 satis
156 553 253 600 firmatis
263 552 417 605 hibernaculis,
430 551 491 597 nullo
503 551 535 598 rei
545 550 698 599 frumentariae
705 568 759 614 pro-

93 619 152 672 visu,
165 619 223 680 rapit
234 618 358 663 exercitum
369 624 432 663 trans
443 623 543 663 montem
554 614 656 662 Taurum
668 632 762 678 recupe-

92 682 176 744 randis,
191 690 217 728 ut
227 682 320 735 ferebat,
331 680 507 744 Tigranocertis,
519 680 676 742 vastandisque
686 682 762 744 regio-

93 749 167 803 nibus,
185 763 241 808 quas
261 744 361 795 Corbulo
380 747 479 809 integras
497 746 616 793 omisisset.
648 745 682 793 Et
699 754 764 808 capta

93 813 197 875 quasdam
209 811 314 858 castella:
334 811 458 874 gloriaeque
471 818 495 858 et
505 811 588 874 praedae
599 811 701 859 nonnihil
711 818 763 872 par·-

93 886 150 933 tum,
162 877 182 924 si
189 885 229 924 aut
239 876 335 939 gloriam
347 892 398 923 curn
405 877 479 931 modo,
491 877 634 939 autpraedam
643 875 763 934 cumcurd,

77 943 215 990 “habuisset
248 940 392 1004 longinquis
409 942 523 988 itineribus
539 942 695 1003 percursando,
712 957 765 1003 quse

94 1008 190 1055 obtineri
200 1007 339 1068 nequibant3
357 1013 469 1067 corrupto,
487 1007 525 1066 qui
536 1013 614 1068 captus
623 1003 680 1061 era't,
699 1021 762 1053 com-

93 1079 178 1127 meatu,
198 1078 222 1119 et
238 1073 337 1117 instante
354 1071 402 1131 jam
421 1071 501 1124 hieme,
524 1071 613 1117 reduxit
631 1071 763 1127 exercitum,

94 1137 267 1200 composuitque
285 1135 314 1182 ad
337 1132 452 1182 Caesarem
474 1135 556 1189 literas,
578 1135 642 1196 quasi
659 1135 764 1184 confecto

93 1202 159 1256 bello,
171 1201 246 1248 verbis
257 1197 389 1264 magnificis,
401 1213 475 1245 rerum
486 1213 576 1245 vacuas.
678 1206 683 1215 ¹

87 1304 90 1309 4
125 1264 175 1314 IX.
194 1264 292 1312 Interim
312 1262 412 1315 Corbulo
431 1277 545 1324 nunquam
565 1264 692 1326 neglectam
711 1264 762 1313 Eu·

93 1331 179 1395 phratis
198 1331 270 1393 ripam
286 1329 432 1376 crebrioribus
446 1328 555 1391 praesidiis
569 1328 664 1376 insedit:
685 1336 716 1384 et,
734 1345 764 1378 ne

94 1398 159 1460 ponti
169 1390 290 1458 injiciendo
300 1394 484 1456 impedimentum
499 1394 592 1440 hostiles
603 1400 685 1440 turmae
696 1393 763 1442 affer·

94 1469 153 1516 rent,
179 1463 229 1524 jam
240 1461 300 1507 enim
312 1459 417 1522 subjectis
431 1459 515 1521 eampis
525 1458 610 1522 magni
620 1459 695 1521 specie
705 1460 764 1508 voli-
792 1491 795 1497 ι

92 1528 171 1574 tabant
200 1540 270 1582 nares
284 1524 440 1586 magnitudine
454 1531 594 1586 praestantes,
610 1531 634 1570 et
649 1539 764 1572 connexas

93 1592 200 1647 trabibus,
212 1591 239 1638 ac
250 1590 348 1638 turribus
359 1597 442 1643 auctas,
453 1589 501 1650 agit
508 1604 548 1652 per
556 1604 653 1643 amnem,
662 1590 762 1652 catapul-

93 1658 168 1718 tisque
186 1662 210 1703 et
225 1656 318 1702 ballistis
333 1655 448 1716 proturbat
461 1655 578 1712 barburos3
598 1654 621 1699 in
637 1669 694 1715 quos
709 1669 765 1702 saxa

93 1729 117 1770 et
128 1723 201 1768 hastae
211 1722 303 1782 longius
316 1720 465 1781 permeabant,
482 1734 550 1779 quam
564 1725 589 1765 ut
598 1720 710 1766 contrario
726 1735 763 1767 sa·

93 1787 203 1850 gittarum
211 1787 275 1849 jactu
286 1785 464 1845 adaequarentur.
496 1783 559 1830 Dein
572 1799 630 1846 pons
645 1785 763 1832 continua·

93 1860 137 1908 tus,
150 1851 265 1912 collesque
276 1851 363 1896 adversi
374 1865 414 1911 per
425 1849 496 1896 socias
508 1850 619 1904 cohortes,
630 1856 682 1911 post
689 1849 762 1910 legio·

94 1932 151 1964 num
162 1917 242 1962 eastris
256 1922 399 1977 occupantur,
415 1912 478 1960 tantia
493 1915 608 1960 celeritate
623 1921 646 1961 et
662 1921 763 1961 ostenta·

93 1983 158 2029 tione
177 1981 266 2036 virium,
286 1991 312 2026 ut
331 1979 416 2032 Parthi,
436 1980 519 2025 omisso
534 1985 612 2040 paratu
629 1979 764 2029 invadendae
805 2010 813 2020 .

95 2047 178 2109 Syriae,
190 2061 253 2108 spem
265 2060 355 2092 ornnem
366 2045 390 2091 in
402 2044 534 2090 Armeniam
545 2049 666 2091 verterent.

128 2111 161 2158 X.
178 2109 214 2158 lbi
226 2110 312 2165 Paetus,
329 2109 495 2156 imminentium
506 2107 601 2161 nescius,
618 2108 719 2169 quintam
729 2108 765 2157 le·

93 2178 188 2240 gionem
206 2176 285 2238 procul
300 2177 323 2221 in
341 2174 416 2222 Ponto
431 2174 540 2230 habebat3
560 2172 656 2234 reliquas
667 2174 764 2235 promia·

93 2243 143 2290 cuis
160 2241 258 2287 militum
270 2236 610 2294 commeatibusinfirmavera13
627 2238 706 2292 donec,
723 2238 765 2285 ad·

93 2313 190 2354 ventare
200 2305 333 2367 Vologesen
345 2320 428 2366 magno
445 2313 468 2350 et
483 2303 572 2350 infenso
583 2303 681 2365 agmine,
700 2302 764 2350 audi·

95 2379 153 2419 tum.
191 2371 287 2417 Accitur
308 2371 368 2432 legio
391 2368 532 2429 duodecima,
550 2375 582 2425 et,
602 2368 665 2416 uude
680 2366 770 2414 laxum

45 2469 46 2473 ,
87 2436 151 2480 aucti
160 2436 276 2510 exercitiis
287 2445 427 2499 speraverat,
440 2435 721 2504 prodita'tnltequent'uag
738 2429 790 2494 suth.

79 2503 157 2540 tamen
163 2502 266 2572 sennen·
278 2512 358 2554 castra
368 2517 393 2554 et
405 2507 470 2559 eludi
484 2506 597 2557 Parthus
605 2499 807 2561 trueluhffltw·

68 2562 133 2630 ‘²³¹3
146 2574 168 2605 ει
181 2561 252 2638 l’aeto
265 2578 307 2616 aut
320 2572 348 2621 in
361 2576 423 2634 suis,
438 2587 481 2627 aut
488 2569 751 2628 ruthenensium
761 2574 826 2610 iffi·

56 2625 146 2667 nauta
157 2625 255 2681 fuisset,
294 2635 408 2703 vetum,
424 2647 468 2696 ubi
479 2649 572 2699 ,Νη-18
580 2639 741 2695 uffiqgffiffi
748 2628 831 2705 anper

47 2691 93 2728 ’ω
103 2695 225 2751 urgelit&
244 2716 324 2760 cum
343 2709 473 2770 firmatus
489 2726 560 2781 mg,
581 2727 693 2770 mmm,
709 2719 751 2781 §S
767 2710 833 2746 2²*
