1680 3188
73 119 181 168 mbffi·
221 119 416 170 ANNALIUM
427 120 656 172 maxucaesn
700 128 744 172 lut

75 252 164 300 stantia
180 266 251 314 penes
269 259 377 313 utrosque
392 266 439 315 par,
459 251 596 301 claritudinis
607 254 658 316 plus
669 255 692 300 in
704 261 745 301 tua

74 313 149 364 liue.”
183 316 308 378 Postque
326 319 405 364 eodem
424 318 470 365 ictu
489 319 579 366 brachia
596 317 743 368 ferroexscl·

75 389 143 429 runt.
177 383 271 438 Seneca,
281 383 388 443 quoniam
399 383 469 430 senile
480 399 560 446 corpus
570 391 674 446 et‘peruo
682 385 745 432 victu

76 453 197 494 tenuetum
214 447 277 493 lenta
295 446 379 510 effugia
396 448 500 508 sanguini
513 450 632 511 praebebat,
653 464 742 497 crurum

75 527 169 573 quoque
180 520 204 558 et
213 512 323 573 poplitum
334 526 404 559 venas
415 513 532 575 abrumpit,
561 515 679 575 Saevisque
689 528 742 562 cru·
779 562 782 566 ,
794 567 796 573 ,

27 599 29 605 v
77 577 174 623 cialibus
189 575 297 632 defessus,
317 591 347 623 ne
358 578 435 623 dolore
445 581 487 624 suu
503 579 602 625 animum
619 581 696 626 uxoris
706 580 742 626 in·

75 641 195 703 fringeret,
206 651 274 702 atque
285 643 333 703 ipse
342 642 437 689 visendo
451 644 499 704 ejus
509 650 622 690 tormenta
632 644 660 690 ad
670 645 742 706 imps-

75 707 180 754 tientiam
192 706 337 761 delaberetur,
348 708 433 763 suadet,
444 708 468 753 in
479 708 539 755 aliud
554 709 680 755 cubiculum
690 710 741 756 abs-

74 771 166 828 cedere.
199 771 232 818 Et
250 773 482 834 novissimo,quoque
503 781 620 820 momento
638 775 742 835 suppedi-

77 834 285 899 tantaeloquentid,
297 837 411 884 advocatis
418 831 571 900 'ascriptoribus
582 837 687 900 pleraque
697 845 743 885 tra-

74 903 140 956 didit,
152 915 212 962 quoe,
229 903 254 948 in
264 902 348 964 vulgus
358 902 418 950 edita
428 903 477 965 ejus
488 903 568 959 verbis,
579 904 691 950 invertere
702 919 741 951 su·

109 1029 206 1078 LXIV.
218 1030 252 1077 At
263 1029 334 1085 Nero,
345 1031 408 1077 nullo
418 1032 442 1078 in
454 1031 571 1080 Paulinam
581 1033 672 1095 proprio
683 1032 742 1088 odio,

39 1117 42 1123 ·
75 1112 110 1151 sc,
128 1111 159 1141 ne
170 1097 276 1158 glisceret
286 1095 370 1143 invidia
386 1097 528 1152 crudelitatis,
540 1098 632 1144 inhiberi
644 1105 740 1144 mortem

74 1163 180 1224 imperat:
214 1160 364 1207 Hortantibus
374 1161 487 1217 militibus,
503 1162 561 1209 servi
571 1162 689 1222 libertique
699 1163 739 1208 ab·

71 1227 151 1289 ligant
164 1226 258 1280 brachia,
271 1233 375 1287 premunt
386 1228 525 1288 sanguinem,
536 1229 647 1273 incertum
658 1241 687 1272 an
703 1228 740 1288 ig·

74 1306 151 1339 narae:
173 1306 231 1346 narn,
249 1297 274 1335 ut
291 1298 328 1337 est
344 1291 428 1352 vulgus
446 1293 474 1338 ad
491 1292 603 1338 deteriora
618 1299 740 1352 promtum,

74 1372 123 1404 non
134 1353 233 1410 defuere,
251 1356 289 1416 qui
300 1356 422 1411 crederent,
435 1357 506 1404 donec
517 1355 677 1419 implacabilem
689 1354 740 1402 Ne·

74 1436 156 1468 runem
168 1421 274 1474 timuerit,
292 1419 375 1466 famam
395 1421 485 1468 sociatae
504 1436 555 1468 cum
572 1421 652 1467 marito
662 1421 743 1468 mortis

73 1487 197 1550 petivisse:
216 1485 303 1539 deinde,
321 1483 395 1531 oblatis
412 1487 499 1532 mitiore
518 1501 564 1548 spe,
583 1485 742 1532 blandimentis

71 1552 131 1600 vite
142 1551 254 1597 evictam:
274 1550 310 1596 cui
326 1549 409 1595 addidit
419 1565 502 1612 paucus
512 1557 592 1613 postea
602 1564 680 1605 annos,
690 1549 740 1597 lau-
792 1571 794 1575 >

71 1616 144 1664 debili
163 1616 186 1660 in
203 1615 308 1660 maritum
327 1615 441 1669 memorial,
459 1623 483 1662 et
500 1631 540 1663 ore
556 1631 583 1662 ac
600 1615 706 1662 membris
716 1615 740 1660 in

70 1696 129 1730 eum
140 1680 248 1742 pallorem
260 1679 390 1734 albentibus,
410 1687 435 1726 ut
449 1682 548 1727 ostentui
559 1687 626 1735 esset,
643 1679 740 1726 multum

73 1747 152 1794 vitalis
173 1745 264 1807 apirittls
281 1750 393 1806 egestum.
425 1745 512 1792 Seneca
530 1746 626 1800 interim,
647 1745 742 1807 durante

71 1819 150 1860 unctu
162 1817 186 1856 et
196 1810 328 1856 lentitudine
343 1809 429 1864 mortis,
449 1810 546 1856 Statium
562 1810 685 1864 Annaeum,
702 1810 741 1856 diu

68 1875 117 1924 sibi
128 1875 234 1922 amicitiae
245 1873 289 1920 lide
300 1883 323 1920 et
339 1883 387 1922 arte
402 1875 521 1922 medicinae
539 1876 664 1938 probatum,
683 1881 740 1931 urat,

72 1941 192 2005 prouisum
214 1940 299 2001 pridem
320 1954 441 1995 uenenum,
463 1954 508 2000 quo
530 1940 628 1987 damnati
650 1939 740 2000 publico

75 2005 252 2054 Atheniensium
273 2003 359 2066 ¹iudicio
383 2006 587 2066 exstinguerentur,
610 2011 738 2065 promeret:

66 2072 214 2133 *allatumque
222 2071 296 2116 hausit
305 2070 394 2146 frustra,
404 2069 505 2145 frigidus,
506 2071 555 2131 jam
564 2074 632 2122 artus,
644 2074 667 2114 et
678 2068 740 2116 clau·

73 2136 407 2260 antetulit?
417 2132 740 2261 ,bfflg'entpil‘lillll

66 2279 165 2317 .vorurn,
180 2262 255 2310 additi
268 2280 338 2310 voce:
359 2263 442 2310 Libare
458 2279 483 2310 se
498 2264 606 2324 liquorem
618 2261 681 2307 illurn
696 2260 739 2309 Jo-

72 2333 99 2380 vi
118 2329 252 2376 Liberatori.
285 2329 347 2376 Exin
365 2328 444 2374 balneo
461 2328 542 2382 illatus,
558 2335 582 2373 et
598 2342 681 2388 vapore
692 2328 741 2436 epus

70 2396 223 2451 exanimatus,
236 2395 284 2439 sine
295 2394 341 2440 ullo
351 2393 436 2440 funeris
447 2394 542 2440 sollenni
554 2399 675 2438 crematur.
716 2399 740 2438 ta

70 2460 184 2509 codicillis
198 2460 371 2520 praescripserat,
383 2474 434 2504 cum
446 2460 573 2504 etiamtum
590 2456 701 2519 predives
715 2463 741 2504 et

71 2532 203 2590 praepotcns
212 2524 320 2584 supremis
330 2525 377 2570 suis
386 2524 522 2570 consuleret„

35 2589 38 2594 “
65 2618 69 2623 ·
108 2588 188 2637 LXV.
206 2588 277 2635 Fama
286 2587 337 2643 tuit,
355 2588 461 2636 Subrium
475 2586 585 2635 ‘Flauium
594 2600 649 2632 cum
659 2592 739 2632 centu·

56 2655 167 2700 *ionibus
174 2653 270 2704 occultu
278 2654 385 2717 consiliu,
396 2669 476 2723 neque
484 2650 756 2721 mentemment-
