1680 3188
223 121 254 166 74
298 111 492 163 ANNALIUM
504 111 557 160 Lm.
565 111 637 159 xlv.
649 111 708 163 Car.
718 120 756 162 18.
774 118 804 156 U.
813 119 837 157 c.

221 247 328 300 Romani,
347 252 499 307 cognomento
510 243 706 308 Augustanorum‚
724 252 792 293 aetnte
811 261 838 292 nc

220 315 276 361 bore
287 312 409 373 conspicui,
429 318 453 358 et
462 327 514 374 pars
529 310 622 374 ingenio
632 327 746 373 procaces,
757 311 794 359 ulii
809 312 834 358 in

251 377 336 424 tentiae.
375 375 411 422 Hi
425 377 514 424 diense
530 383 610 424 noctes
627 376 742 439 plausibus
757 391 836 439 perso

231 457 319 492 ormam
336 441 443 504 principis
459 455 584 502 vocemque
601 441 668 488 dedm
683 441 798 489 vocabulis
812 456 837 488 n·

219 510 307 557 lantes:
326 507 391 568 quasi
401 521 442 569 per
451 507 559 554 virtutem
570 506 626 553 clari
635 506 784 567 honoratique
800 529 820 562 2:
831 528 840 545 >-

251 570 324 621 xvl.
347 570 387 618 Ne
409 578 486 618 tamen
513 571 607 618 ludicrae
632 577 720 617 tantum
746 572 807 634 impe
824 594 840 610 2·

218 645 279 687 artes
287 642 437 690 notescerent,
445 636 571 682 carminum
583 651 674 696 quoque
684 636 783 682 studium
800 658 803 675 ε
815 642 839 677 to

218 706 261 760 vit,
271 703 401 757 contractis,
412 701 493 762 quibus
503 701 698 762 uliquapangendi
707 700 810 749 facultas.

218 771 274 817 dum
284 768 381 831 insignis
397 766 472 814 aetatis
482 767 536 821 nati
551 766 668 812 considere
682 766 756 821 simul,
773 774 797 813 et
813 789 815 805 ε

217 836 256 882 vel
273 833 355 880 ibidem
372 838 473 893 repertos
487 844 567 877 versus
580 836 724 889 connectere,
737 838 805 893 etque
817 832 835 871 ἰ

217 901 293 954 verbu,
304 912 395 958 quoquo
407 896 476 943 modo
485 895 579 958 prolatu,
589 896 706 957 supplere:
724 896 786 956 quod
804 918 840 937 w.

216 965 266 1027 ipsa
282 963 406 1010 carminum
423 961 496 1016 docet,
514 975 560 1007 non
571 961 656 1023 impetu
673 970 696 1007 et
711 961 826 1018 instinctu,

216 1044 257 1077 ore
268 1044 314 1075 uno
325 1027 405 1075 fluens.
437 1026 515 1074 Etiam
527 1025 643 1087 sapientiae
657 1025 786 1074 doctoribus
795 1033 830 1074 te·

216 1093 358 1156 impertiebat
371 1088 423 1154 prist
437 1091 521 1153 epulas.
538 1097 565 1136 ut
580 1091 693 1138 contraria
707 1106 827 1139 asscveran

217 1158 336 1206 discordiae
344 1164 490 1204 eruerentur:
510 1169 553 1202 nec
564 1155 663 1212 deerant,
675 1157 713 1218 qni
724 1172 764 1204 oro
774 1157 824 1204 vult
839 1182 840 1192 π

215 1224 275 1273 tristi
287 1225 347 1270 inter
356 1223 520 1269 oblectamenta
530 1221 593 1282 regin
604 1223 700 1282 spectari
711 1229 827 1284 cuperent

249 1286 337 1336 XVII.
353 1287 401 1335 Sub
412 1287 471 1334 idem
487 1294 583 1347 tempus,
598 1286 644 1333 levi
660 1287 834 1335 contentiones

217 1355 292 1403 credes
303 1360 358 1407 orta,
371 1352 430 1398 inter
437 1351 530 1398 colonos
541 1350 672 1398 Nucerinos
681 1350 840 1413 Pompeiano

217 1419 351 1484 gladiatorio
358 1417 493 1478 spectaculo,
502 1415 562 1476 qnod
569 1414 689 1463 Livineius
696 1415 832 1479 Regulusq

216 1491 306 1532 motum
324 1487 404 1529 senatu
419 1481 492 1536 retuli
507 1481 602 1528 edebat:
621 1481 704 1543 quippe
717 1481 829 1545 oppidani

216 1547 278 1598 civid
287 1547 386 1595 invicem
402 1547 547 1602 incessentes,
557 1545 646 1609 probra,
658 1545 740 1593 deinde
751 1562 814 1602 saxa,
835 1571 840 1587 ·

216 1623 291 1663 tremo
312 1612 397 1660 serrum
421 1608 538 1669 sumsire3
563 1611 672 1659 validiore
693 1610 834 1674 Pompeiano

215 1680 290 1744 plebs,
309 1677 368 1740 opud
378 1692 435 1738 quos
453 1676 607 1738 spectaculum
622 1677 735 1724 edebatur.
768 1676 836 1741 Ergo

215 1742 300 1808 portati
310 1750 364 1789 sunt
374 1744 398 1789 in
409 1743 486 1789 urbem
497 1741 563 1787 multi
579 1757 593 1789 c
610 1740 740 1797 Nucerinis,
752 1750 834 1790 trunco

215 1810 311 1858 vulnera
321 1822 415 1870 corpore
419 1823 428 1864 ;
439 1821 466 1854 ac
475 1807 577 1868 plerique
586 1806 707 1853 liberomm
718 1813 757 1855 aut
765 1820 834 1869 paren

215 1882 301 1922 mortes
308 1871 427 1919 deflebant
461 1869 534 1934 Cujus
544 1871 576 1918 rei
580 1872 691 1934 judicium
702 1872 807 1935 princeps
822 1895 840 1913 :2

212 1941 255 1996 tui,
273 1945 366 1986 senatus
387 1936 517 1984 consulibus
537 1938 652 1998 permisit:
672 1945 696 1984 et
715 1952 793 1983 rursus
812 1954 837 1986 re

213 2012 290 2069 patres
300 2000 376 2061 relati,
392 2002 495 2064 prohibiti
505 2002 594 2065 publice
608 2002 632 2048 in
649 2002 728 2048 decem
739 2017 812 2050 annos
823 2019 837 2049 e

214 2070 277 2119 modi
298 2079 361 2116 coetu
384 2066 531 2130 Pompeiani3
555 2066 702 2129 collegiaque,
716 2083 778 2128 quae
806 2083 834 2115 co

212 2136 277 2199 leges
291 2135 441 2188 Instituerunt,
461 2132 583 2180 dissoluta:
603 2131 728 2188 Livineius,
747 2133 829 2194 etqui

211 2200 347 2248 seditionem
358 2198 509 2256 conciverant,
521 2198 601 2245 exsilio
612 2197 701 2245 multati
713 2205 774 2245 sunt.

244 2262 346 2312 XVIII.
363 2263 444 2310 Motus
459 2270 539 2311 senatu
555 2271 580 2309 ct
599 2261 683 2310 Pedius
700 2262 798 2318 Blaesus,
815 2278 840 2311 a·

212 2331 313 2380 nantibus
333 2327 508 2391 Cyrenensibus,
526 2328 636 2375 violatum
653 2329 681 2375 nb
702 2344 731 2375 co
750 2329 830 2395 tbessu

212 2395 347 2457 AEsculupii,
358 2393 516 2454 delectumque
523 2393 642 2440 mllitarem
648 2394 721 2455 prctlo
730 2400 754 2441 et
760 2386 837 2441 o'mbiti

211 2468 350 2523 corruptum.
382 2457 455 2507 Iidem
473 2457 619 2520 Cyrenenses
633 2474 697 2506 reum
712 2460 810 2521 agebant
834 2476 837 2483 ⁴

209 2526 266 2573 lium
280 2525 420 2579 Strabonem,
431 2522 537 2586 praetorii
543 2531 655 2586 potestate
665 2539 739 2578 usum,
751 2533 775 2572 et
785 2524 824 2570 m'
834 2547 840 2563 s=

196 2590 377 2651 disceptatorem
389 2606 404 2639 a
417 2587 516 2640 Clnudio
530 2603 648 2654 agrorum
662 2605 720 2650 quus
729 2591 782 2651 regi
797 2588 831 2636 A«

180 2653 306 2711 qvondam
318 2657 421 2716 debitos,
439 2666 466 2708 et
479 2657 540 2725 Pop.
553 2656 628 2709 Rom.
639 2671 695 2706 cum
709 2670 784 2718 regno
811 2674 824 2692 ι
