1680 3188
192 129 222 171 tc
260 122 453 171 ANNALIUM
466 121 517 167 Lm.
525 121 595 168 XIV.
608 121 667 171 Car.
676 128 714 169 92.
741 125 768 162 Ur
779 126 802 164 C.
813 132 837 167 81

190 256 264 301 decori
277 257 379 316 adJ'ectas‚
401 269 429 300 ne
447 254 507 314 quod
522 262 611 315 tempus
623 255 700 316 pudori
713 255 839 314 relinquatu

191 321 236 375 sed,
249 327 310 366 coetu
321 321 455 382 promiscuo,
467 320 527 380 quod
538 320 701 380 perditissimus
712 321 808 381 quisque
818 335 840 382 p

190 386 249 432 diem
261 385 421 446 concupiverit,
429 401 469 446 per
480 385 584 431 tenebras
592 385 679 431 audeat.

223 448 296 496 XXI.
314 448 419 496 Pluribus
437 452 486 511 ipsa
504 450 595 496 lieentia
612 450 720 510 placebat,
738 464 764 496 ae
783 457 840 496 tam:

190 516 287 562 honesta
296 515 390 562 nomina
398 516 580 577 praetendebant:
601 514 703 578 Majores
714 530 804 576 quoque
815 529 840 560 n·

190 581 331 628 abhorruisse
349 581 525 643 spectaculorum
545 580 722 633 oblectamentis,
749 596 789 640 pro
812 578 836 624 fo

191 644 254 701 tuna,
266 661 318 707 quae
329 654 376 693 tum
389 652 450 702 erat;
468 660 538 706 eoque
549 661 563 691 a
578 644 661 690 Tuscis
673 645 756 691 accitos
768 644 840 690 histri

192 727 239 766 nes,
264 727 278 758 a
301 709 394 757 Thnriis
412 725 519 770 equomm
538 712 672 756 certamina:
698 717 729 763 et,
754 724 833 771 posses

191 775 283 824 Achata
299 762 405 837 Asiaque,
425 775 490 821 ludos
506 776 605 821 curatius
622 775 707 820 editos.
727 789 769 824 uec
780 790 819 835 qu
830 796 840 816 ιι

192 857 259 903 quam
268 840 358 893 Romae‚
371 842 466 885 honesto
472 839 523 883 loto
535 847 616 892 ortum,
629 839 656 885 ad
667 839 788 889 theatrales
800 846 834 886 art

191 905 372 967 degeneravisse,
389 902 507 949 ducentis*
497 918 545 964 Jam
557 904 621 948 annis
633 919 646 949 a
657 903 686 950 L.
696 903 805 950 Mummii

191 972 283 1032 nmpho,
295 970 333 1030 qui
344 969 429 1030 primus
441 967 463 1013 id
474 982 546 1028 genus
558 969 695 1028 spectaculi'
690 984 713 1014 m
726 969 816 1031 Urbep
832 991 836 1008 ι

191 1036 272 1082 buerit
306 1034 351 1080 Sed
368 1042 391 1079 et
406 1032 534 1079 consultum
545 1033 695 1094 parcimoniae,
708 1034 768 1095 quod
785 1055 803 1075 ··
825 1056 840 1074 .¹

192 1109 232 1147 tua
247 1100 311 1147 sedes
331 1099 418 1144 theatro
434 1098 508 1144 locata
523 1099 551 1144 sit
566 1099 647 1159 potius,
665 1114 732 1160 quam
747 1100 840 1146 immeo

192 1173 268 1214 sumtu
289 1162 390 1226 singulos
406 1179 446 1224 per
463 1178 534 1209 annos
551 1172 697 1226 consurgeret
715 1179 741 1211 ac
760 1172 822 1211 strue
838 1196 840 1203 ι

193 1238 238 1279 tur.
272 1228 323 1276 Nec
338 1229 430 1290 perinde
449 1229 594 1291 magistratus
611 1245 658 1275 rem
674 1227 832 1276 familiareme

191 1297 320 1349 hausturos,
332 1301 371 1341 aut
381 1294 464 1356 populo
475 1294 611 1356 efflagitandi
621 1295 704 1343 Graeca
714 1295 838 1342 certamina

192 1360 361 1423 magistratibus
379 1375 467 1406 causam
476 1359 531 1414 fore,
543 1374 595 1407 cum
606 1376 634 1407 eo
645 1367 721 1407 sumtu
732 1375 791 1422 resp.

193 1435 274 1490 gatur:
294 1433 407 1472 oratorum
425 1440 451 1471 ac
470 1433 547 1472 vatum
566 1427 671 1472 victorias
689 1426 811 1472 incitamen

193 1491 292 1554 ingeniis
304 1490 421 1536 allaturas·
441 1505 483 1536 nec
499 1491 601 1551 cuiquam
612 1491 684 1553 J‘udici
698 1506 776 1552 grave,
796 1505 825 1538 au

195 1556 275 1602 studiis
294 1556 395 1602 honestis
410 1562 432 1601 et
444 1556 595 1616 voluptatibus
614 1557 743 1603 concessis'
737 1571 793 1603 tm.·
816 1577 822 1597 ι

194 1620 294 1668 Laetitiae
313 1621 386 1697 magis
405 1636 471 1681 quum
494 1621 593 1667 lasciviae
615 1620 662 1667 dari
684 1636 768 1698 paucas
789 1621 833 1668 toti

193 1686 340 1747 quinquennii
357 1693 441 1740 noctes,
453 1686 539 1746 quibus,
554 1685 617 1733 tanta
627 1686 698 1733 luce'
693 1685 839 1748 tgnium,n1·

193 1751 296 1799 illicitum
304 1751 410 1798 occultari
421 1758 495 1811 queat.
514 1752 573 1798 Sane
584 1751 647 1798 nullo
653 1751 737 1814 insigni
749 1751 834 1798 dehon

193 1823 295 1864 tomento
312 1816 335 1861 id
357 1815 510 1876 spectaculum
533 1817 628 1878 transiit
661 1815 698 1863 Ac
720 1831 749 1863 ne
772 1815 840 1863 modi

193 1882 284 1944 quidem
296 1881 368 1927 studia
376 1881 446 1941 plebis
453 1878 563 1936 exarsere,
571 1882 629 1942 quia,
639 1881 718 1928 redditi
725 1895 832 1943 quamqu

195 1961 276 1999 scenae,
287 1946 419 2007 pantomimi
431 1947 588 1992 certaminibus
599 1948 669 1993 sacris
679 1947 827 2008 prohibebant

193 2010 339 2072 Eloquentiae
357 2010 440 2071 primas
458 2024 525 2056 nemo
543 2010 600 2065 tulit,
619 2011 666 2064 sed,
684 2011 792 2057 victorem
811 2026 836 2058 es

194 2074 316 2128 Caesarem,
334 2075 510 2136 pronuntiatum.
543 2075 619 2122 Graeci
632 2076 735 2129 amictus,
754 2072 807 2136 qula
828 2098 833 2115 ·

192 2157 233 2187 eos
242 2142 288 2187 dies
299 2140 399 2202 plerique
410 2140 555 2194 incesserant,
567 2151 614 2185 tum
625 2140 778 2187 exoleverunt.

226 2203 312 2251 XXII.
325 2203 389 2251 Inter
397 2219 448 2264 quae
460 2212 483 2250 et
492 2205 552 2250 sidus
561 2212 659 2251 cometes
668 2204 766 2262 effulsit;
759 2206 806 2252 ·de
815 2221 829 2266 q

191 2271 255 2332 vulgi
275 2271 350 2332 opinio
361 2276 402 2323 est,
421 2279 534 2346 tamquam
553 2271 700 2317 mutationem
716 2271 793 2333 regnis
805 2287 836 2334 po

190 2335 275 2382 tendat
309 2333 389 2396 Igitur,
401 2335 483 2395 quasiJ
478 2336 521 2381 'am
536 2336 629 2411 depulso
641 2335 830 2396 Neronekquisn

191 2401 332 2462 deligeretur,
352 2400 510 2460 anquirebant:
530 2407 553 2447 et
568 2401 669 2447 omnium
687 2416 726 2447 ore
741 2399 840 2449 Rubelli

191 2464 287 2512 Plautus
301 2465 458 2519 celebrabatur,
478 2465 513 2511 eui
530 2466 638 2520 nobilitas,
654 2481 695 2526 per
709 2473 811 2520 matrem,
835 2486 840 2505 r

189 2528 252 2578 Julia
261 2527 352 2576 familia.
386 2528 439 2591 Ipse
454 2530 534 2609 placita
546 2532 655 2592 majorum
670 2531 764 2584 colebat,
781 2530 840 2576 habi

176 2608 269 2647 severo,
280 2593 342 2641 casta
351 2603 376 2643 et
384 2607 473 2644 secreta
462 2594 557 2652 domo,
568 2603 700 2658 quantoque
707 2604 773 2640 metu
781 2610 839 2640 occu

160 2655 216 2712 lior,
230 2664 301 2707 tanto
308 2661 368 2724 plns
379 2663 453 2712 famae
466 2663 575 2729 adeptus.
610 2662 687 2712 haist
697 2671 835 2706 rumorem*
