1680 3188
70 115 168 157 acui.
225 105 666 164 Aunsuunuzxmcnar.
708 119 739 165 rs

70 251 154 307 tusque
165 243 294 307 Pomponio
305 244 444 306 triumphalis
455 245 534 300 honos,
546 245 635 295 modice
640 260 692 308 pars
702 246 737 295 fa·

66 325 116 358 mae
132 313 182 374 ejus
200 310 259 372 apud
275 316 386 373 posteros,
407 310 432 357 in
450 305 501 370 quia
520 310 644 358 carminum
663 312 738 375 gloria

83 375 185 423 raecellit.

11 488 15 503 2
67 391 83 439 p
102 439 204 488 XXIX.
224 438 270 488 Per
292 441 350 504 idem
372 447 462 503 tempus
484 438 595 497 Vannius,
619 440 700 491 Suevis
722 458 737 491 a

68 504 150 553 Druso
162 504 255 554 Caesare
265 506 391 567 impositus,
404 506 495 568 pellitur
506 521 592 568 regno,
608 505 681 568 primi
691 508 736 554 im·

67 572 123 632 perii
141 579 208 618 aetate
228 572 308 625 clarus,
328 578 477 632 acceptusque
495 571 655 632 popularibnu
672 587 735 628 mox,

65 636 216 684 diuturnitate
226 637 250 682 in
261 635 385 697 superbiam
397 644 494 690 mutans,
506 646 530 682 et
540 636 592 683 odio
600 637 733 693 accolarum,

67 701 135 748 simul
146 701 277 749 domesticis
287 701 403 748 discordiis
414 701 588 748 circumventus.
599 747 603 754 ,
621 700 735 749 Auctores

63 763 132 813 luere
142 764 257 818 Vibillius,
275 764 488 813 Hermundurorum
503 780 551 821 rex,
567 773 591 813 et
603 764 696 830 Vangio
707 782 734 815 ac

66 831 131 888 Sido,
149 846 228 878 sorore
242 829 328 877 Vannii
341 831 420 892 geniti.
452 829 504 877 Nec
520 829 635 888 Claudius,
652 846 732 893 quam·

66 910 134 957 quam
145 911 207 957 saepe
217 903 300 950 oratus,
313 910 376 941 arma
381 895 517 943 certantibus
526 896 625 944 barbaris
632 897 733 959 interpo-

65 961 118 1014 suit,
130 969 205 1009 tutum
216 960 309 1007 Vannio
319 959 447 1022 perfugium
457 962 598 1022 promittens,
610 963 629 1008 si
637 962 732 1024 pellere·

64 1034 116 1072 tur:
136 1026 270 1087 scripsitque
288 1023 315 1071 P.
323 1025 410 1071 Atellio
427 1023 517 1079 Histro,
533 1027 572 1087 qui
590 1025 732 1075 Pannoniam

63 1091 204 1152 praesidebat,
216 1090 336 1151 legionem,
351 1088 444 1151 ipsique
455 1106 468 1137 e
478 1089 596 1151 provincii
605 1092 664 1138 lecta
674 1106 731 1139 aux-

63 1155 108 1211 ilia,
119 1170 161 1217 pro
173 1154 221 1216 ripis
231 1161 385 1216 componeret,
396 1155 494 1205 subsidio
501 1156 577 1212 victis,
589 1163 612 1203 et
623 1165 731 1203 terrorem

64 1220 173 1267 adversm
184 1220 289 1274 victores,
301 1235 336 1274 ne,
352 1216 443 1264 fortuni
454 1219 513 1273 elati,
530 1227 630 1267 nostram
641 1236 731 1281 quoque

62 1300 142 1348 pacem
154 1278 285 1331 turbarent:
305 1298 357 1330 narn
368 1284 403 1330 vis
412 1284 535 1338 innumera,
547 1282 624 1346 Lygii,
637 1284 731 1346 aliaeque

111 1357 153 1406 tes,
164 1349 320 1402 adventabant,
331 1347 392 1395 sama
403 1349 456 1396 ditis
467 1349 539 1412 regni,
555 1349 615 1411 quod
626 1348 741 1408 Vannius·

61 1365 143 1461 XXX
160 1430 202 1477 per
212 1429 284 1461 annos
293 1415 467 1476 praedationibus
481 1421 505 1461 et
514 1414 662 1478 vectigalibus
673 1429 729 1462 aux·

62 1490 118 1527 erat.
152 1478 199 1543 Ipsi
211 1494 292 1526 manus
302 1480 392 1541 propria
402 1481 496 1541 pedites,
512 1495 581 1540 eques
596 1496 609 1527 e
620 1480 729 1528 Sarmatis

62 1543 192 1608 Iazygibus
207 1553 263 1600 erat,
279 1545 351 1605 impar
366 1544 504 1592 multitudini
521 1545 633 1592 bostium:
655 1561 728 1607 eoque

60 1610 162 1657 castellis
173 1625 223 1657 sese
234 1608 357 1665 defensare,
368 1610 496 1669 bellumque
505 1609 586 1657 ducere
597 1617 726 1667 statuerat,

94 1674 182 1722 XXX.
200 1675 246 1722 Sed
265 1672 372 1736 Iazyges,
392 1675 514 1722 obsidionis
531 1676 680 1737 impatientes,
704 1683 728 1723 et

60 1742 178 1804 proximos
196 1755 237 1801 per
252 1754 343 1802 campos
359 1740 419 1801 vagi,
438 1741 625 1788 necessitudinem
642 1756 727 1804 pugnas

59 1803 164 1861 attulere,
181 1806 234 1866 quia
244 1803 335 1866 Lygius
346 1803 566 1866 Hermundurusque
577 1806 622 1853 illic
634 1807 726 1869 ingrue-

60 1878 119 1918 rant.
152 1868 229 1932 Igitur
243 1871 364 1932 degressus
382 1870 479 1917 castellis
497 1870 608 1926 Vannius,
625 1870 727 1919 funditur

59 1936 152 1998 proelio:
162 1950 308 1997 quamquam
319 1936 385 1982 rebus
396 1936 502 1990 adversis,
513 1935 622 1990 laudatus,
635 1937 694 1997 quod
702 1944 727 1984 et

58 2016 161 2063 pugnam
172 2015 241 2047 rnanu
252 2001 363 2062 capessiit,
380 2008 403 2047 et
419 2017 513 2063 corpore
527 2001 622 2047 adverso
633 2002 727 2049 vulnera

58 2067 156 2128 excepit.
191 2064 307 2115 Caeterum
327 2065 355 2111 ad
372 2066 473 2119 classem,
490 2065 514 2111 in
532 2064 639 2113 Danubio
656 2081 725 2129 oppe-

57 2132 163 2185 rientem,
174 2129 284 2192 perfugit.-
316 2130 392 2177 Secuti
408 2145 462 2177 mox
474 2130 573 2186 clientes,
587 2139 616 2183 et,
628 2132 726 2192 acceptis

57 2196 128 2258 agris,
139 2197 163 2242 in
176 2193 296 2243 Pannonii
306 2195 374 2242 locati
385 2203 445 2242 suut.
459 2231 462 2234 Α
480 2194 590 2256 Regnum
599 2190 691 2257 Vangio
698 2212 724 2244 ac

57 2260 114 2309 Sido
131 2261 191 2309 inter
207 2276 232 2307 se
247 2258 366 2322 pertinere,
382 2258 477 2322 egregii
492 2260 599 2307 adversus
611 2277 653 2307 nos
663 2259 723 2308 fide:

56 2327 171 2389 subjectis,
184 2340 256 2372 suone
267 2340 295 2372 an
307 2326 391 2372 servitii
403 2327 502 2387 ingenio,
513 2326 567 2372 dum
574 2326 723 2387 adipisceren-

56 2398 96 2437 tur
114 2391 288 2445 dominationes,
310 2390 383 2439 multi
401 2391 502 2449 caritate,
521 2399 548 2438 et
562 2392 653 2455 ma‘qore
671 2391 737 2446 odio,

46 2463 171 2515 postquam
181 2457 258 2519 adepti
269 2465 333 2508 sunt.

77 2516 178 2573 XXXI.
193 2522 232 2570 At
251 2526 274 2573 in
294 2525 427 2580 Britanniis
440 2529 477 2581 P.
484 2526 626 2582 Ostorium,
641 2538 689 2586 qrb
701 2533 771 2580 vm·
819 2538 824 2543 ·

31 2585 89 2654 tore,
103 2585 205 2635 tarbidae
217 2607 257 2640 res
266 2596 404 2664 excepit&
417 2599 546 2651 effusis'm
553 2607 651 2660 agenni
659 2587 795 2637 soc'rowm

17 2640 136 2704 l⁰¹²¹⁶¹¹⁸ae
156 2666 185 2702 00
205 2659 357 2730 violentius,
379 2672 455 2737 quod
473 2681 583 2735 nouum
599 2663 708 2726 ducem,
729 2656 809 2694 ἕω·

46 2719 99 2756 ros.
108 2726 141 2764 ιι,
293 2719 304 2740 ·
563 2751 581 2782 c
