1680 3188
55 125 158 173 bibon.
212 125 265 181 Lis,
273 125 344 176 XVI.
356 125 553 182 ANNALIUM.
673 127 722 181 152

56 254 130 317 cipum
144 255 236 303 libidine
251 270 366 314 accensus,
376 258 478 310 ludorum
495 255 592 305 infamiae
608 253 724 310 scelerum,

55 326 160 381 portenta
170 321 263 377 addere3
281 337 384 382 novaque
397 323 531 382 excogitare,
543 337 572 368 ne
586 321 658 383 ipsum
668 320 716 381 ple·

55 384 158 446 benique,
170 385 306 447 flagitiorum
322 387 462 432 assuetudine
477 401 594 440 morosam,
610 385 718 433 varietate

56 448 170 504 mobilem,
190 451 257 499 satias
275 457 369 511 caperet.
402 448 481 512 Igitur,
496 452 544 512 jam
566 449 719 503 obsolescente

57 511 199 575 Pythagoras
216 515 334 571 connubio,
354 515 407 561 alias
426 516 551 576 superaddit
569 515 673 574 nuptias;
695 519 719 563 et

58 576 163 639 Sporum,
175 593 189 624 a
199 576 312 639 Tigellino
321 594 371 624 cum
383 580 434 625 dote
445 587 467 624 et
474 578 578 625 flammeo
589 578 717 635 deductum,

58 656 154 689 imorem
164 643 250 703 accipit,
261 643 415 703 plaudentibus
426 644 521 698 Graecis,
531 643 655 703 liberosque
667 657 718 704 pre-

57 706 168 755 unctus
200 706 262 755 Data
279 708 356 769 Sporo,
369 707 391 753 in
403 708 493 754 alteram
506 707 609 755 Sabinam
624 713 722 761 mutato,¹

60 768 141 821 Celeia
153 769 287 833 Crispinilla,
298 772 399 819 cuinihil
409 780 490 834 praeter
500 773 584 819 natales
594 772 666 818 inerat
676 785 719 816 no·

58 834 108 890 bile,
120 850 173 895 quae
183 837 311 887 muliebrem
320 837 368 898 ejus
376 844 477 887 umatum
488 843 581 885 curaret.
613 834 719 897 Principi,

59 906 94 947 tot
103 899 220 947 libidinum
231 899 308 948 fonnis
318 901 432 949 bominum
443 901 497 947 vitia
511 914 660 962 supergresso,
671 899 720 961 plu·

59 964 106 1011 cuit
116 965 208 1011 taudem
221 965 318 1014 belluina
328 967 441 1022 aemulari;
459 972 487 1020 et,
499 965 558 1026 quod
568 965 628 1012 dictu
644 963 718 1010 incre·

59 1027 134 1082 dibile,
154 1044 258 1091 superare
275 1030 358 1076 valuit:
380 1031 449 1076 immo
465 1031 487 1076 id
503 1031 569 1076 etiam
586 1028 679 1086 assequi,
697 1032 724 1073 ut

60 1091 184 1146 historiam,
196 1109 247 1154 quae
263 1095 368 1154 quidquid
384 1095 407 1140 iu
418 1095 478 1141 vitiis
494 1095 591 1141 insolens
602 1093 630 1140 ad
646 1091 727 1137 odium.

60 1158 219 1205 commendare
225 1158 299 1220 gestit,
309 1173 368 1205 nova
375 1167 500 1221 stuprorum
509 1165 616 1212 monstra,
627 1169 722 1216 quorum

58 1221 134 1284 ipsum
145 1237 230 1270 nomeu
241 1223 313 1271 scelus
323 1223 387 1276 foret,
399 1223 464 1274 silere
474 1222 580 1285 co'e'gerit.

95 1283 163 1350 [Non
179 1294 255 1341 tamen
267 1287 327 1338 sieta
341 1288 409 1335 tantis
422 1286 513 1349 flagitiis
529 1283 671 1337 conscientia,
683 1279 722 1330 sed

59 1349 183 1399 immanem
194 1353 292 1399 animum
303 1353 387 1413 pudore
396 1353 478 1414 pariter
488 1366 514 1398 ac
524 1357 609 1398 terrore
619 1347 722 1395 laniabat.

61 1413 126 1462 Hinc
137 1416 190 1464 licet
199 1416 258 1464 t'oret
268 1417 402 1465 destinatum
416 1415 538 1478 praecipuas
550 1413 647 1463 Graeciae
658 1413 725 1457 urbes

60 1476 89 1527 ei
104 1481 266 1540 turpitudinum
277 1481 354 1530 illuvie
367 1481 457 1535 loedare,
469 1479 633 1529 Lacedaemone
648 1484 724 1523 tamen

60 1550 86 1591 et
102 1544 199 1591 Athenis
215 1545 320 1594 abstinuit
326 1562 337 1602 3>
352 1545 484 1606 Lycurgum
499 1545 590 1599 veritus,
605 1543 624 1594 si
640 1541 724 1594 urbem,

61 1607 125 1657 tanti
135 1609 212 1671 legum
221 1611 344 1664 sanctitate,
355 1611 464 1659 virtutum
475 1610 573 1659 claritate
584 1607 723 1660 celebratam,

60 1673 162 1720 intraret
195 1673 273 1735 Magis
297 1675 368 1721 adbuc
390 1672 489 1723 terruere
511 1672 628 1721 Furiarum
655 1683 724 1723 sacra,

61 1737 161 1785 Athenis
175 1739 251 1799 peragi
270 1738 347 1786 solita:
366 1737 485 1787 formidata
502 1753 590 1797 quoque
601 1733 726 1787 Eleusinia,

61 1816 157 1862 quornm
173 1801 296 1853 initiatione
311 1803 372 1863 impii
390 1809 412 1848 et
429 1802 528 1849 scelerati
544 1815 601 1848 voce
615 1797 725 1862 praeconis

62 1867 257 1914 submovebantur.
290 1866 359 1915 Forte
369 1867 417 1926 quis
428 1866 452 1912 in
462 1867 504 1911 hoc
515 1865 620 1917 uitiorum
631 1861 725 1923 profane

62 1931 93 1977 do
108 1932 166 1977 banc
181 1931 342 1992 superstitionis
353 1931 398 1977 vim
413 1931 534 1979 mirabitur.
565 1928 599 1977 At
609 1944 627 1975 a
638 1923 724 1980 naturis,

63 1997 128 2058 cujus
143 1996 237 2058 interest
248 1996 331 2042 scelera
347 1995 460 2049 infatuare,
472 1994 582 2054 sapienter
598 1990 727 2041 consultum

63 2067 105 2112 est,
118 2066 143 2105 ut
152 2060 246 2121 improbi
257 2075 307 2106 raro
318 2074 331 2105 a
342 2059 498 2120 superstitione
509 2058 554 2102 sint
564 2055 649 2102 intacti.

98 2121 215 2186 [Reliquae
226 2131 300 2171 autem
314 2124 385 2179 urbes,
397 2124 438 2169 hec
453 2119 514 2168 fama
523 2135 568 2167 non
580 2118 687 2173 defensae,
698 2114 727 2162 ad

65 2188 182 2249 opprobria
192 2186 297 2250 patuere:
317 2202 345 2233 ne
360 2187 437 2233 inuitae
447 2186 542 2246 quidem,
554 2183 614 2244 quod
628 2189 651 2228 et
662 2176 729 2229 soliti

65 2253 192 2313 principum
211 2252 362 2305 admiratione,
381 2258 405 2297 et
425 2250 529 2312 praemiis,
548 2249 577 2295 ad
597 2245 730 2305 obsequium

65 2314 188 2376 laudesque
198 2316 344 2363 traherentur.
377 2314 532 2377 Olympiorum
546 2328 601 2374 ergo
612 2318 636 2357 et
647 2307 730 2370 Pythi·¹

67 2395 132 2426 orum
145 2380 257 2442 judicibus
272 2381 296 2426 in
312 2394 361 2427 eam
376 2381 504 2426 servitutem
521 2376 636 2438 corruptis,
651 2385 730 2421 omnes

68 2445 170 2491 certatim
182 2444 205 2489 in
217 2445 383 2490 venerationem
395 2458 465 2497 ruere,
476 2443 618 2489 victoriarum
629 2438 729 2487 omnium

69 2509 147 2554 titulos
158 2508 181 2553 in
193 2522 262 2554 unum
273 2514 296 2554 et
304 2508 439 2554 immeritum
450 2513 516 2569 caput
524 2519 652 2567 congerere,
664 2500 731 2549 undi-

69 2587 113 2631 que
129 2586 223 2618 coronas
239 2586 317 2619 aureas
334 2571 419 2630 afferre,
431 2579 462 2630 et,
474 2586 544 2635 quem
557 2569 619 2618 inira
629 2567 737 2615 homines

63 2635 172 2691 viderat,
190 2638 258 2684 deum
278 2637 401 2703 appellare.
437 2639 486 2692 Sed
501 2639 658 2706 improspere
671 2628 758 2681 mune.
