1680 3188
176 465 209 511 er
251 459 445 529 annuarum
456 459 508 508 aa.
516 457 592 509 xm.
603 449 705 510 mssa
722 464 752 504 r.
760 464 784 505 c.
793 469 819 508 ει

175 593 299 655 provenire,
318 607 371 648 non,
387 600 413 639 ut
426 592 480 639 alias
498 592 556 654 apud
575 599 662 654 gentes,
680 592 755 639 eluvie
770 593 835 640 mari

176 665 291 704 arescente
301 655 367 712 uadi,
379 657 418 703 sed
432 672 498 720 super
514 656 627 703 ardentem
638 658 741 704 arborum
753 663 839 705 struem

175 721 233 778 fusi,
254 737 283 768 ex
301 723 417 768 contrariis
434 722 492 768 inter
515 737 539 768 se
560 723 684 781 elementis,
702 723 756 784 igne
772 731 834 784 atqu

176 787 240 847 aquis
251 794 388 835 concretum.
414 787 458 834 Sed
469 786 558 840 bellum,
568 786 736 834 Hermunduris
745 803 809 850 pros
819 810 822 813 ·

177 866 233 906 mm,
248 850 322 899 Cattis
332 853 400 898 exitio
411 850 461 906 fuit,
472 852 524 913 quia
535 852 632 898 victores
643 852 754 898 diversam
767 853 839 898 aciem

176 915 248 963 Marti
265 932 291 964 ac
311 916 427 964 Mercurio
447 913 567 972 sacravere,
584 931 629 977 quo
645 930 700 963 voto
716 917 774 977 equi,
790 917 832 963 vi'

177 988 259 1028 cuncta
270 982 330 1028 vieta
340 982 449 1028 occidioni
461 982 548 1027 dautur.
566 980 599 1027 Et
606 981 675 1028 minae
686 982 775 1042 quidem
783 982 839 1027 hos·

177 1046 228 1092 tiles
238 1047 262 1093 in
273 1047 334 1108 ipsos
344 1047 467 1093 vertebant.
501 1046 549 1092 Sed
557 1046 636 1093 civitas
644 1044 767 1101 Julronum,
779 1047 834 1092 soci

176 1111 247 1166 nobis,
266 1111 325 1158 malo
336 1111 457 1172 improviso
468 1110 550 1157 afflicta
564 1117 610 1156 est:
631 1125 683 1157 nam
693 1111 765 1174 ignes,
780 1119 834 1157 terr

176 1176 237 1230 editi,
248 1175 319 1230 villas,
329 1190 388 1229 arva,
398 1176 459 1221 vicos
464 1176 547 1236 passim
559 1176 719 1236 corrIpiebant3
735 1174 827 1221 sereban

177 1245 258 1300 turque
268 1241 292 1286 in
303 1241 351 1301 ipsa
362 1239 458 1286 conditae
469 1254 540 1301 nuper
549 1240 642 1296 coloniae
653 1240 750 1286 moeuia:
766 1242 834 1300 nequ

177 1305 291 1365 exstingui
307 1310 425 1366 poterant3
448 1320 501 1359 non,
525 1306 543 1350 si
565 1305 645 1349 imbres
664 1305 774 1358 caderent,
792 1320 834 1350 no

178 1368 303 1432 fluvialibus
314 1370 383 1429 aquis,
395 1375 435 1414 aut
444 1384 489 1429 quo
500 1369 543 1415 alio
556 1369 664 1424 humore3
682 1368 754 1414 donec
764 1371 833 1431 inopi

177 1433 277 1491 remedii,
288 1441 312 1479 et
321 1431 356 1478 iri
366 1433 441 1485 cludis,
461 1439 561 1493 agrestes
577 1431 666 1491 quidam
682 1433 833 1480 eminuerat:

174 1500 256 1560 J'acere,
268 1499 325 1550 dein,
338 1497 485 1543 residentibus
501 1496 603 1549 flammis,
614 1498 705 1558 propius
716 1499 839 1560 suggressi,

177 1563 223 1609 ictu
241 1563 340 1617 fustium,
358 1561 450 1622 aliisque
464 1562 597 1614 verberibus,
615 1567 640 1606 ut
655 1561 713 1608 feras
730 1563 791 1609 abste
820 1585 824 1589 ·

178 1629 246 1674 bant:
265 1635 379 1690 postremo
397 1627 497 1688 tegmina
515 1627 602 1686 corpori
621 1626 711 1686 derepta
728 1627 839 1689 injiciunt,

179 1701 263 1754 quanto
274 1693 346 1754 magis
354 1691 446 1753 prolana
457 1699 480 1737 et
490 1706 532 1736 usu
539 1690 633 1754 polluta,
642 1698 705 1737 tanto
713 1693 785 1754 magis
798 1710 823 1739 o·

178 1773 282 1820 pressura
291 1758 363 1818 ignes

213 1820 307 1868 LVIII.
332 1821 419 1867 Eodem
441 1836 500 1867 auno
524 1818 668 1866 Ruminalem
691 1821 792 1866 arborem
814 1837 833 1868 r·

180 1887 277 1941 comitio,
288 1901 339 1946 quae
352 1901 416 1947 super
429 1887 571 1946 octingentos
587 1892 610 1931 et
625 1885 772 1947 quadraginta
787 1901 816 1932 an
832 1908 839 1927 ·.

181 1966 252 1998 annos
268 1950 336 1996 Remi
351 1950 488 2010 Romulique
503 1949 618 1996 infantiam
635 1958 728 2004 texerat,
744 1952 834 1997 mortui

182 2016 299 2062 ramalibus
316 2021 339 2062 et
353 2022 467 2062 arescente
485 2020 566 2060 trunco
582 2015 725 2068 deminutam,
742 2016 838 2076 prodi⁹¹

179 2081 230 2136 loco
241 2081 339 2128 habitum
350 2088 390 2136 est,
402 2080 472 2126 donec
482 2079 506 2124 in
518 2094 589 2126 novos
599 2078 657 2127 fetus
669 2080 821 2131 reviresceret.
