1680 3188
60 135 161 180 ωδε.
206 136 652 189 animumanimumum.
685 141 733 188 105

62 269 182 331 reginam
205 268 392 334 Commagenam,
415 271 467 317 exin
488 267 659 333 Cappadociam,
682 269 736 318 inda

62 333 189 383 Armenios
199 337 287 398 petivit.
321 334 491 385 comitabantur
503 336 634 390 exercitum,
643 342 735 397 praeter

62 397 107 445 alia
118 408 184 447 sueta
197 401 264 456 bello,
281 416 364 463 magna
378 402 413 448 vis
425 401 569 457 camelorum,
589 407 670 447 onusta
685 399 735 447 fru-

63 465 143 519 menti,
160 472 186 512 ut
197 466 265 513 simul
281 467 369 513 hostem
382 465 511 527 famemque
522 465 649 527 depelleret.
682 463 734 512 Pri·

62 542 127 577 mum
138 545 153 578 e
163 531 272 592 percuisis
284 529 394 585 Pactium,
405 531 511 592 primipili
521 526 685 586 centurionem,
694 531 735 577 ob·

62 594 128 640 vium
139 595 224 651 habuit,
236 596 287 643 dein
299 596 416 658 plerosque
426 595 540 652 militum,
558 611 623 656 quos,
634 595 735 643 diversas

62 658 127 721 fugae
138 675 219 708 causas
229 661 384 716 obtendentes,
395 660 467 707 redire
478 660 506 707 ad
517 660 589 721 signa,
601 666 625 706 et
635 659 735 706 clemen·

63 723 121 770 tiam
133 723 194 772 Paeti
205 726 300 788 experiri
311 726 423 779 mouebat,
441 741 472 779 se,
489 725 532 771 nisi
544 723 673 779 victoribus,
689 724 734 770 im·

64 789 146 835 mitem
169 805 225 838 esse.
259 791 333 839 Simul
354 806 406 837 suas
427 790 531 851 legiones
552 789 619 844 adire,
641 789 735 846 hortari,

62 853 166 915 priomm
183 856 310 911 admonere,
327 871 410 902 novam
425 854 521 917 gloriam
536 853 667 901 ostendere:
688 869 735 902 non

62 919 129 966 uicos
145 928 185 967 aut
201 921 282 983 oppida
299 920 466 975 Armeniorum,
484 919 524 966 sed
534 926 607 966 castra
618 918 733 978 Romana,

63 983 166 1045 duasque
175 986 200 1032 in
211 987 238 1033 iis
248 985 350 1048 legiones
360 985 456 1049 pretium
470 985 554 1031 laboris
564 985 617 1046 peti.
651 983 676 1030 Si
688 985 736 1031 sin·

64 1049 127 1110 gulis
138 1051 312 1112 manipularibus
322 1052 435 1113 praecipua
446 1050 528 1097 servati
536 1050 592 1096 civis
600 1064 684 1097 corona
691 1050 735 1095 im·

64 1113 180 1176 petasone
194 1129 262 1162 manu
280 1117 423 1174 tribueretur,
438 1115 498 1176 quod
515 1115 569 1162 illud
585 1122 609 1160 et
625 1121 735 1175 quantum

64 1179 143 1235 decus,
160 1180 198 1226 ubi
209 1196 248 1242 par
260 1196 339 1228 eorum
351 1197 457 1229 numerus
468 1181 612 1242 apisceretur,
624 1180 661 1240 qui
673 1186 734 1225 attu-

63 1243 146 1290 lissent
157 1245 259 1300 salutem,
268 1252 291 1293 et
302 1246 341 1307 qui
351 1244 507 1308 accepissent?
525 1244 572 1292 His
579 1251 646 1304 atque
654 1244 736 1291 talibus

64 1309 90 1356 in
102 1323 222 1357 commune
233 1311 325 1368 alacres,
338 1313 373 1376 (et
383 1319 454 1366 erant,
466 1327 522 1372 quos
532 1309 632 1373 pericula
640 1308 735 1356 fratrum

64 1381 106 1420 aut
116 1376 294 1436 propinquorum
302 1378 397 1439 propriis
405 1377 501 1424 stimulis
509 1372 665 1433 incenderent)
678 1389 734 1420 con·

64 1439 155 1486 tiuuum
167 1440 205 1486 diu
216 1450 329 1504 noctuque
340 1442 383 1488 iter
394 1443 547 1502 properabant.

99 1503 174 1550 XIII.
192 1505 274 1566 quue
285 1507 393 1553 intentius
404 1503 532 1566 Vologeses
543 1519 645 1567 premere
656 1505 734 1552 obses·

65 1585 111 1625 soa,
127 1569 196 1617 modo
213 1571 298 1617 vallum
316 1571 441 1632 legionum,
460 1570 527 1616 modo
547 1570 671 1624 castellum,
689 1585 736 1630 quo

64 1635 162 1682 imbellis
179 1642 236 1683 aetas
250 1635 416 1690 defendebatur,
434 1649 571 1696 oppugnare,
590 1635 682 1697 propius
699 1636 735 1681 in-

64 1700 159 1757 cedens,
175 1716 243 1761 quam
254 1717 305 1748 mos
317 1700 416 1755 Parthis,
433 1699 452 1746 si
468 1698 495 1745 ei
509 1701 634 1748 temeritate
646 1701 735 1747 hostem

64 1765 90 1813 in
106 1765 214 1826 proeliurn
231 1766 330 1813 eliceret.
363 1766 396 1812 At
417 1764 449 1811 illi
467 1765 507 1811 alx
524 1765 676 1812 contuberniis
694 1780 735 1812 ex·
815 1783 820 1798 ¹

23 1870 28 1879 .
64 1830 144 1877 tracb:
164 1846 206 1890 nec
225 1831 286 1878 aliud
304 1846 371 1892 quam
391 1831 531 1878 munimenta
546 1831 734 1909 propugnabant:

37 1900 40 1907 '
65 1910 118 1957 pars
125 1895 192 1956 jussu
203 1895 273 1951 ducis,
286 1904 309 1942 et
320 1896 357 1944 alii
368 1893 457 1957 proprii
467 1896 564 1956 ignavia,
581 1904 606 1942 ut
624 1893 736 1943 Corbulo·

67 1973 121 2006 nem
133 1961 280 2023 opperientes,
293 1976 326 2017 ac,
339 1962 357 2008 si
369 1963 403 2007 vis
415 1962 536 2021 ingrueret,
551 1961 646 2022 provisis
657 1974 736 2006 exem·

65 2025 110 2086 plis
123 2023 233 2073 Caudinae
244 2041 270 2073 ac
283 2025 431 2072 Numantinae
446 2024 530 2070 cladis:
551 2039 623 2084 neque
634 2025 735 2072 eamdem

66 2090 115 2136 vim
136 2090 283 2149 Samnitibus,
307 2090 387 2138 Italico
405 2088 494 2152 populo,
514 2097 553 2135 aut
573 2087 691 2149 Hispanis,
710 2104 737 2137 ac

68 2153 166 2210 Parthis,
183 2155 285 2203 Romani
301 2156 387 2218 imperii
402 2153 496 2202 aemulis.
530 2152 634 2200 Validam
649 2168 739 2214 quoque

67 2226 91 2266 et
110 2221 224 2268 laudatam
244 2222 407 2282 antiquitatem,
430 2220 517 2280 quoties
536 2218 638 2266 Fortuna
660 2224 739 2266 contra

67 2285 138 2339 daret,
156 2286 223 2332 saluti
234 2287 380 2334 consuluisse.
414 2282 467 2338 Qut
483 2284 637 2347 desperatione
653 2283 739 2330 exerci-

68 2350 105 2397 tiis
118 2350 165 2397 dux
176 2350 288 2406 iubactus,
299 2352 382 2412 primas
394 2357 469 2397 tamen
479 2350 555 2397 literas
562 2349 590 2396 ad
600 2347 739 2410 Vologesen,

70 2430 117 2463 non
132 2415 253 2478 supplices,
271 2417 350 2464 sedin
368 2416 460 2462 modum
476 2415 589 2476 querentis
607 2414 740 2475 composuit,
813 2411 819 2423 ‘

69 2480 131 2542 quod
147 2496 189 2542 pro
205 2482 330 2538 Armeniis,
348 2496 436 2543 semper
453 2479 566 2527 Romanae
584 2478 682 2534 ditionis,
700 2488 740 2525 aut

70 2546 177 2607 subjectu
189 2547 237 2607 regi
249 2561 316 2607 quem
327 2546 447 2608 imperator
459 2545 587 2608 delegisset,
604 2543 696 2603 bqstilia
704 2543 739 2591 fa·

66 2617 143 2656 cetat,-
157 2624 239 2670 pacem
254 2625 285 2659 ea
299 2626 367 2674 aequo
385 2612 482 2662 utilem:
502 2627 548 2662 nee
563 2609 767 2681 presentatum·-
