1680 3188
77 155 101 197 J.
109 156 134 197 c.
144 152 178 203 69
230 149 571 204 mevl.ANNAL1UM.
696 161 743 208 175

107 282 185 347 [Nero
203 284 344 339 ineluctabili,
363 285 454 345 proviso
475 248 558 339 tamen,
577 285 623 333 fato
642 287 737 334 circum·

72 355 164 403 ventus,
190 357 288 395 sumtum
314 364 328 395 ι
349 346 449 394 Locusta
469 364 579 395 vencnum
603 351 626 396 in
648 356 738 398 e'uream

49 442 53 449 -
73 412 182 474 pyxidem
200 413 304 466 condidit,
315 419 339 458 et
354 412 377 457 in
395 413 471 458 hortos
487 411 621 460 Servilianos
638 416 737 471 secessit,

73 476 199 522 comitante
223 476 305 522 imbelli
327 476 442 522 libidinum
467 473 562 522 catervi.
594 476 654 524 Tum
677 481 739 527 varia

73 553 151 586 auimo
162 540 254 601 agitare
287 539 365 585 Placet
379 538 435 600 fuga
445 540 527 585 dudum
540 541 659 598 meditnta;
676 557 735 604 prae·

73 604 194 664 missisque
212 603 340 650 libertorum
359 602 470 649 fidissimis
489 603 577 650 Ostiam
595 605 623 650 ad
642 576 735 652 classem

71 668 248 730 praeparandum,
268 668 368 713 tribunos
387 664 570 728 centurionesque
589 671 734 729 pretorianos

73 731 101 778 de
116 731 181 792 fugae
198 731 304 778 societate
320 737 398 777 tentat.
432 731 476 778 Sed
491 733 568 793 partim
583 733 734 794 tergiversan-

72 795 139 850 tibus,
150 795 231 856 partim
239 802 314 856 aperte
324 795 502 848 detrectantibus,
514 810 558 842 uno
569 796 636 842 etiam
647 798 734 857 procla·

72 866 156 914 mante,
165 866 180 888 ⁴⁴
188 858 266 919 Usque
273 859 358 905 adeone
366 860 421 904 mori
429 859 534 905 miserum
542 857 607 905 est?'’
619 859 662 907 alio
671 860 735 909 flexit

72 923 181 979 consilia;
198 923 277 969 dubius
293 921 423 977 Parthosne,
436 937 464 969 au
476 923 578 976 Galbam,
590 924 682 985 supplex
692 941 733 986 pe-

70 993 135 1042 teret,
142 1002 172 1033 an
182 993 266 1034 atratus
256 987 374 1064 prodiret
384 987 407 1032 in
417 986 535 1047 publicum,
542 1002 625 1048 proque
636 987 733 1045 Rostris,

72 1049 158 1112 quanti
171 1048 268 1097 maximi
277 1056 354 1111 posset
369 1051 517 1104 miseratione,
528 1051 616 1096 veniam
630 1055 733 1112 praeteri·

72 1121 147 1162 torum
164 1122 304 1176 precaretur;
322 1129 355 1169 ec,
372 1116 395 1160 ιιι
411 1114 510 1161 flexisset
525 1114 617 1168 animos,
634 1115 731 1178 AEgypti

71 1178 235 1256 praefecturam
238 1179 284 1225 dori
296 1179 336 1226 sibi
351 1185 430 1225 oraret.
463 1177 547 1226 Certe'
541 1185 645 1225 inventus
655 1187 733 1242 postea

71 1243 96 1289 iu
107 1244 157 1318 ejus
171 1242 251 1290 scrinio
262 1244 303 1289 lrac
314 1243 342 1289 de
352 1240 443 1289 infamiis
453 1256 525 1288 sermo
535 1240 650 1289 formatus.
682 1242 731 1290 Re-

40 1320 45 1331 ’
72 1308 179 1355 citatione
190 1307 318 1353 deterritum
334 1313 420 1367 putant,
429 1321 464 1361 ne,
474 1306 601 1367 priusquam
614 1307 642 1352 ad
657 1306 731 1354 lorum

71 1372 206 1434 perveniret,
217 1370 383 1432 discerperetur.

104 1433 197 1498 [Itaque
205 1435 306 1481 consilii
301 1442 404 1490 incertus,
413 1436 570 1497 cogitationem
581 1435 604 1482 in
614 1442 729 1498 posterum

72 1500 131 1546 diem
154 1499 245 1546 distulit.
277 1499 329 1554 seo,
350 1513 402 1546 cnm
424 1515 514 1546 somnos
538 1515 583 1546 non
603 1507 732 1561 paterentur

71 1579 140 1619 curae,
160 1563 188 1610 ad
206 1563 301 1609 mediam
319 1563 366 1609 fere
383 1572 473 1609 noctem
489 1564 604 1618 excitatus,
622 1573 647 1610 ut
666 1579 729 1610 com·

70 1628 129 1690 perit
146 1627 264 1674 stationem
280 1628 375 1674 militurn
391 1627 514 1680 recessisse,
530 1627 645 1687 prosilite
663 1627 730 1681 lecto,

71 1697 95 1738 et
106 1692 175 1738 mittit
184 1692 267 1738 circum
279 1691 367 1738 amicos.
387 1688 452 1736 Nihil
462 1705 571 1751 quoquam
582 1692 730 1746 renuntiante,

71 1756 120 1831 ipse
131 1770 182 1801 cum
193 1756 269 1816 paucis
284 1755 378 1816 bospitio
392 1754 531 1815 singulorum
541 1754 593 1799 adit.
625 1755 658 1800 At
668 1755 730 1801 clau·

57 1820 103 1866 ‘sis
118 1819 218 1866 omniurn
228 1818 319 1873 foribus,
335 1819 482 1880 respondente
495 1818 563 1871 nullo,
574 1831 613 1863 seu
630 1833 731 1874 somnus,

70 1897 111 1930 seu
126 1897 203 1958 pavor,
220 1897 260 1928 eos
276 1888 428 1943 occupaverat,
444 1881 567 1927 cubiculum
583 1883 731 1943 praetrepidus

70 1948 159 2008 repetit.
192 1943 330 1993 Custodes
319 1961 367 2006 Jarn
389 1944 529 2006 diffugerant,
552 1944 641 2006 direptis
663 1947 730 1993 etiarn

70 2010 184 2072 stragulis,
195 2009 271 2056 amoti
281 2020 346 2072 etp
347 2010 398 2056 rude
408 2023 496 2055 venena
527 2007 645 2063 Vestitate,
657 2006 746 2080 napi-J
771 2044 778 2054 t

71 2075 172 2122 ιιοιιιιιιιι
186 2075 286 2120 turbidus
296 2073 411 2136 Spicillum
425 2071 588 2127 mirmillonem,
600 2073 638 2118 vel
652 2088 759 2136 quem·

68 2138 123 2185 libet
144 2138 211 2184 alium
233 2153 393 2208 percussorem,
415 2138 478 2199 quus
499 2151 568 2182 manu
587 2143 670 2197 percat,
693 2152 772 2205 ιιιζ·

69 2202 144 2263 quirit.
176 2199 215 2248 Ne
231 2202 259 2248 ad
278 2198 305 2247 id'
315 2202 403 2263 quidem
420 2201 536 2247 ministerii
554 2201 632 2247 edesse
649 2215 759 2260 quem-,2

69 2280 137 2327 quam
148 2265 264 2320 miratus,
258 2281 281 2312 ιιι
292 2281 386 2312 summae
402 2266 498 2312 miseriae
508 2280 594 2318 vocem,
606 2263 646 2311 sibi
657 2278 731 2324 neque
787 2266 794 2299 .·

73 2330 170 2376 amicum
181 2344 237 2383 esse,
248 2345 320 2390 neque
331 2330 452 2383 inimicum,
464 2329 567 2390 erumpit,
578 2328 733 2390 procurritquc

68 2393 132 2454 quasi
142 2393 320 2454 praecipiraturns
331 2410 355 2441 se
363 2395 386 2440 in
396 2393 502 2439 ¹liberim.

103 2453 149 2519 [At
159 2457 227 2503 ntem
238 2471 338 2512 ιιοιιιιιι,
353 2459 431 2504 mortis
444 2457 557 2518 pavidum,
574 2456 631 2502 sistit
643 2456 731 2502 invete-

72 2528 120 2567 reta
130 2521 248 2576 mollitiem
265 2528 288 2568 et
298 2523 381 2583 aliquid
391 2521 515 2568 secretioris
525 2520 617 2566 letebrae
627 2519 655 2565 ad
670 2520 733 2566 coll?-

65 2584 167 2642 gendum
177 2585 278 2632 animum
290 2588 379 2636 suadet.
408 2585 614 2644 Puaousbmus,
622 2598 693 2631 suum
704 2584 748 2628 do·

15 2718 20 2727 ¹
58 2644 110 2690 nat
130 2647 289 2701 antummum
309 2653 373 2706 inter
395 2654 516 2707 Salariam
537 2661 565 2704 ιι
580 2649 770 2702 acumem
