1680 3188
103 129 151 175 270
217 122 271 172 >DE
289 121 518 172 ORATORIBUS.
536 119 648 173 Car.86.'

107 255 305 305 unoetvicesimo
320 253 401 303 Caesar
417 253 566 308 Dolabellam,
578 250 660 302 'altero
676 259 702 302 et
716 254 778 304 vice·

108 324 166 371 simo
182 320 275 368 Asinius
293 319 367 367 Pollio
384 318 413 368 C.
422 317 541 374 Catonem,
556 332 605 366 non
615 318 697 369 :multo
712 325 784 369 euna·

107 387 242 435 antecedens
258 383 344 434 Calvus
356 384 482 438 Vatinium,
494 384 521 430 iia
532 380 671 431 orationihus
684 384 782 434 insecuti

110 458 169 504 sunt,
181 466 236 512 quas
245 451 356 512 hodieque
363 465 415 496 curn
423 449 570 496 admiratione
576 449 683 512 legimus.

142 514 252 563 XXXV.
269 521 284 545 ‘⁴
295 514 329 562 At
339 531 400 562 nunc
410 514 570 562 adolescentuli
581 515 653 562 nostri
664 514 781 562 deducun-

109 590 147 631 tur
159 582 182 628 in
193 596 272 629 scenas
283 581 473 635 scholasticorum,
490 581 528 641 qui
543 581 643 626 rhetores
653 587 783 639 vocantur;

110 664 169 712 quos
185 647 253 711 paulo
271 652 324 693 ante
341 643 459 694 Ciceronis
477 646 580 708 tempora
598 645 721 701 exstitisse,
738 660 782 693 nee

111 715 223 778 placuisse
241 710 362 774 majoribus
378 710 468 765 nostris,
487 723 561 783 ex‘eo
577 709 724 758 manifestum
740 718 783 767 eat,

111 781 178 842 quod,
197 777 226 824 L
238 775 322 826 Crasso
331 783 361 829 ¹et
372 774 477 822 Domitio
487 775 626 832 censoribus,
643 775 741 833 cludere,
759 783 785 824 ut

50 852 53 857 '
112 847 144 892 sit
161 843 249 896 Cicero,
268 841 346 888 ludrmr
362 840 507 902 impudentiae
518 839 577 903 jussi
593 848 654 888 suut.
687 840 741 897 Sed,
756 848 784 891 ut

111 910 185 957 dicere
200 908 346 962 institueram,
363 906 503 953 deducuntur
513 906 536 952 in
548 905 643 962 scholas,
660 906 684 952 in
695 906 783 967 quibus,

111 990 157 1022 non
168 973 233 1020 lacile
244 971 345 1025 dixerim,
363 977 468 1018 utrumne
477 971 542 1017 locus
558 970 612 1031 ipse,
630 986 659 1017 an
670 971 782 1019 condisci-

110 1040 164 1104 puli,
176 1053 204 1085 an
215 1052 289 1100 genus
300 1036 432 1094 studiorum,
448 1035 499 1098 plus
509 1034 562 1081 mali
573 1036 671 1098 ingeniis
682 1034 783 1085 afferant.

112 1105 174 1152 Nam
192 1104 215 1151 in
234 1103 285 1149 loco
302 1101 358 1148 nihil
375 1101 515 1158 reverentiae,
533 1099 573 1147 sed
586 1101 611 1147 in
628 1116 697 1162 quem
707 1117 782 1158 nemo,

112 1170 156 1217 nisi
178 1183 243 1229 aeque
260 1167 471 1229 imperitusiutrnt.
502 1164 531 1212 In
549 1166 709 1228 eondiscipulis
728 1167 784 1215 nibil

112 1233 235 1298 profectis,
252 1247 304 1279 cum
323 1232 386 1293 pueri
402 1233 461 1279 inter
476 1246 566 1294 pueros,
582 1239 605 1278 et
621 1231 784 1279 adolescentuli

113 1301 174 1347 iuter
184 1297 368 1352 adolescentulos,
384 1297 431 1359 pari
442 1298 561 1345 securitate
577 1303 601 1343 et
616 1296 694 1344 dicant
703 1304 727 1345 et
742 1311 783 1345 au·

113 1365 208 1412 diantur.
241 1361 302 1426 lpsae
319 1376 374 1410 vero
389 1362 561 1410 exercitationes
575 1359 659 1424 magud
675 1377 704 1409 ex
720 1369 800 1426 parte.

114 1429 245 1477 contraria.-
279 1426 369 1490 Nempe
386 1428 446 1474 enim
466 1427 510 1474 duo
531 1442 617 1490 genera
637 1429 783 1475 materiarum

113 1494 438 1618 ,m
450 1494 565 1618 usur
580 1494 785 1608 uulua·

138 1575 154 1606 x
171 1575 199 1606 us
426 1591 433 1613 ,
629 1575 642 1605 e
691 1575 751 1609 rores

114 1626 190 1672 minus
200 1623 325 1686 prudentiae
342 1623 465 1686 exigentes,
476 1624 552 1686 pueris
562 1573 710 1686 dglegnntun
728 1641 785 1673 con·

112 1689 229 1738 troversiae
245 1687 404 1735 robustioribus
420 1690 570 1750 assignantur,
586 1689 671 1748 quales,
688 1691 743 1753 (per
757 1689 785 1737 li-

113 1752 192 1815 deml)
209 1761 233 1800 et
242 1766 311 1814 qnam
327 1752 484 1800 incredibiliter
499 1752 643 1815 compositae!
679 1754 787 1816 Sequitur

113 1827 196 1874 autem,
214 1826 240 1865 ut
256 1817 357 1864 materiae
373 1819 499 1865 abhorrenti
516 1818 636 1866 averitatc
652 1817 787 1868 declamatio

113 1899 203 1946 quoque
218 1883 354 1931 adhibeatur.
385 1882 425 1930 Sic
434 1883 466 1940 lit,
478 1890 504 1930 ut
514 1883 706 1945 tyrannicidarum
725 1900 786 1948 pre·

113 1950 165 2006 mia,
177 1957 216 1997 aut
229 1949 356 1997 mtiatarum
367 1948 495 2002 electiones,
512 1957 551 1996 aut
566 1949 702 2010 pestilentiae
713 1965 787 1998 reme·

113 2016 156 2069 dia,
174 2023 214 2063 aut
223 2015 309 2063 incesta
319 2020 423 2069 matrum,
435 2022 474 2062 aut
484 2015 591 2076 quidquid
601 2015 624 2061 in
636 2012 715 2062 scholi
730 2030 789 2076 quo-

114 2081 169 2128 tidie
186 2081 268 2142 agitur,
286 2080 310 2126 in
326 2079 377 2127 foro
392 2080 429 2128 vel
444 2096 494 2127 raro
504 2080 541 2127 vel
552 2095 675 2140 nunquam,
686 2081 788 2143 ingenti·
808 2120 811 2125 ,

113 2147 156 2194 bus
167 2146 241 2194 verbis
254 2153 430 2208 persequantur:
449 2161 501 2193 cum
516 2145 546 2192 ad
558 2160 623 2192 veros
630 2144 720 2208 judices
730 2161 788 2193 ven·

113 2219 163 2259 tum
175 2218 217 2266 est,
229 2213 243 2240 *
257 2213 272 2240 ⁸
284 2225 331 2257 rem
342 2211 448 2274 cogitare,
460 2210 516 2258 nihil
532 2210 624 2269 humile,
640 2210 698 2258 nihil
713 2211 788 2273 abjec-

113 2285 163 2326 tum
175 2277 249 2336 eloqui
257 2283 351 2338 poterat.

147 2339 272 2389 XXXVI.
288 2340 400 2404 “Magna
409 2342 541 2404 eloquentia,
553 2343 612 2389 sicut
628 2340 727 2397 flamma,
739 2358 790 2390 ma·

114 2407 172 2454 terii
187 2408 260 2461 alitur,
272 2413 296 2453 et
303 2407 400 2454 motibus
411 2409 528 2464 excitatur,
545 2413 569 2454 et
580 2407 666 2454 urendo
678 2407 793 2456 clarescit.

112 2470 203 2519 Eadem
220 2472 278 2520 tatio
295 2472 318 2518 in
337 2471 415 2519 nostri
430 2488 519 2535 quoque
537 2474 629 2520 civitate
644 2474 792 2534 antiquorum

101 2537 262 2598 eloquentiam
285 2540 400 2604 provexit.
439 2537 512 2596 Num,
534 2539 578 2587 etei
594 2539 680 2586 horum
698 2554 792 2599 qunque

91 2607 230 2666 temporum
251 2616 363 2659 oratores
373 2625 403 2660 ea
414 2607 539 2658 consecuti
554 2612 618 2659 sunt,
635 2617 698 2666 quse,
711 2617 808 2664 cornqs-

20 2710 22 2715 ·
77 2665 128 2717 ¹1¹1ii
141 2681 170 2720 et
182 2677 270 2736 quieta
279 2686 303 2729 et
318 2677 392 2731 beart
404 2673 540 2744 republici,
549 2668 670 2723 triburias
679 2672 830 2721 emman
