<?xml version="1.0" encoding="UTF-8"?>
<!DOCTYPE html PUBLIC "-//W3C//DTD XHTML 1.0 Transitional//EN"
    "http://www.w3.org/TR/xhtml1/DTD/xhtml1-transitional.dtd">
<html xmlns="http://www.w3.org/1999/xhtml" xml:lang="en" lang="en">
 <head>
  <title>
</title>
<meta http-equiv="Content-Type" content="text/html;charset=utf-8" />
  <meta name='ocr-system' content='tesseract 3.04.00' />
  <meta name='ocr-capabilities' content='ocr_page ocr_carea ocr_par ocr_line ocrx_word'/>
</head>
<body>
  <div class='ocr_page' id='page_1' title='image "./ccorneliitaciti01obergoog_0054.png"; bbox 0 0 1680 3188; ppageno 0'>
   <div class='ocr_carea' id='block_1_1' title="bbox 99 134 758 218">
    <p class='ocr_par' dir='ltr' id='par_1_1' title="bbox 99 134 758 218">
     <span class='ocr_line' id='line_1_1' title="bbox 99 134 758 218; baseline 0.021 -14"><span class='ocrx_word' id='word_1_1' title='bbox 99 159 196 205; x_wconf 62' lang='lat' dir='ltr'>acas</span> <span class='ocrx_word' id='word_1_2' title='bbox 234 158 427 210; x_wconf 75' lang='lat' dir='ltr'>anunmun</span> <span class='ocrx_word' id='word_1_3' title='bbox 438 134 684 213; x_wconf 58' lang='lat' dir='ltr'>mxnr&#39;orrro.</span> <span class='ocrx_word' id='word_1_4' title='bbox 728 168 758 218; x_wconf 74' lang='lat' dir='ltr'>ss</span> 
     </span>
    </p>
   </div>
   <div class='ocr_carea' id='block_1_2' title="bbox 31 275 832 2789">
    <p class='ocr_par' dir='ltr' id='par_1_2' title="bbox 98 275 766 1524">
     <span class='ocr_line' id='line_1_2' title="bbox 99 275 762 357; baseline 0.002 -16"><span class='ocrx_word' id='word_1_5' title='bbox 99 293 158 357; x_wconf 80' lang='lat' dir='ltr'>tuli3</span> <span class='ocrx_word' id='word_1_6' title='bbox 175 275 275 356; x_wconf 74' lang='lat' dir='ltr'>insignis</span> <span class='ocrx_word' id='word_1_7' title='bbox 283 307 373 355; x_wconf 82' lang='lat' dir='ltr'>genere,</span> <span class='ocrx_word' id='word_1_8' title='bbox 391 291 470 348; x_wconf 75' lang='lat' dir='ltr'>fornii,</span> <span class='ocrx_word' id='word_1_9' title='bbox 484 293 583 349; x_wconf 82' lang='lat' dir='ltr'>lascivii,</span> <span class='ocrx_word' id='word_1_10' title='bbox 594 302 617 342; x_wconf 90' lang='lat' dir='ltr'>et</span> <span class='ocrx_word' id='word_1_11' title='bbox 628 295 762 357; x_wconf 82' lang='lat' dir='ltr'>Agrippinae</span> 
     </span>
     <span class='ocr_line' id='line_1_3' title="bbox 99 359 761 422; baseline 0 -16"><span class='ocrx_word' id='word_1_12' title='bbox 99 359 137 406; x_wconf 94' lang='lat' dir='ltr'>diu</span> <span class='ocrx_word' id='word_1_13' title='bbox 154 373 261 422; x_wconf 81' lang='lat' dir='ltr'>percara:</span> <span class='ocrx_word' id='word_1_14' title='bbox 280 373 336 405; x_wconf 88' lang='lat' dir='ltr'>mox</span> <span class='ocrx_word' id='word_1_15' title='bbox 354 359 448 405; x_wconf 88' lang='lat' dir='ltr'>occultis</span> <span class='ocrx_word' id='word_1_16' title='bbox 463 359 522 405; x_wconf 86' lang='lat' dir='ltr'>inter</span> <span class='ocrx_word' id='word_1_17' title='bbox 540 375 578 406; x_wconf 87' lang='lat' dir='ltr'>eas</span> <span class='ocrx_word' id='word_1_18' title='bbox 595 359 761 414; x_wconf 80' lang='lat' dir='ltr'>offensionibus,</span> 
     </span>
     <span class='ocr_line' id='line_1_4' title="bbox 99 422 760 486; baseline 0 -15"><span class='ocrx_word' id='word_1_19' title='bbox 99 425 152 486; x_wconf 87' lang='lat' dir='ltr'>quia</span> <span class='ocrx_word' id='word_1_20' title='bbox 170 423 274 471; x_wconf 83' lang='lat' dir='ltr'>Sextium</span> <span class='ocrx_word' id='word_1_21' title='bbox 286 422 428 481; x_wconf 79' lang='lat' dir='ltr'>Africanum,</span> <span class='ocrx_word' id='word_1_22' title='bbox 448 425 544 470; x_wconf 90' lang='lat' dir='ltr'>nobilem</span> <span class='ocrx_word' id='word_1_23' title='bbox 551 426 666 486; x_wconf 87' lang='lat' dir='ltr'>juvenem,</span> <span class='ocrx_word' id='word_1_24' title='bbox 678 441 692 471; x_wconf 89' lang='lat' dir='ltr'>a</span> <span class='ocrx_word' id='word_1_25' title='bbox 703 440 760 486; x_wconf 90' lang='lat' dir='ltr'>nup·</span> 
     </span>
     <span class='ocr_line' id='line_1_5' title="bbox 98 488 762 550; baseline -0.003 -14"><span class='ocrx_word' id='word_1_26' title='bbox 98 490 136 536; x_wconf 88' lang='lat' dir='ltr'>tiis</span> <span class='ocrx_word' id='word_1_27' title='bbox 148 489 234 536; x_wconf 82' lang='lat' dir='ltr'>Silanae</span> <span class='ocrx_word' id='word_1_28' title='bbox 245 488 382 535; x_wconf 78' lang='lat' dir='ltr'>deterruerat</span> <span class='ocrx_word' id='word_1_29' title='bbox 391 489 523 550; x_wconf 87' lang='lat' dir='ltr'>Agrippina,</span> <span class='ocrx_word' id='word_1_30' title='bbox 532 490 664 550; x_wconf 81' lang='lat' dir='ltr'><strong>impudicam</strong></span> <span class='ocrx_word' id='word_1_31' title='bbox 676 497 700 536; x_wconf 90' lang='lat' dir='ltr'>et</span> <span class='ocrx_word' id='word_1_32' title='bbox 710 505 762 535; x_wconf 81' lang='lat' dir='ltr'>ver·</span> 
     </span>
     <span class='ocr_line' id='line_1_6' title="bbox 99 553 762 616; baseline -0.002 -15"><span class='ocrx_word' id='word_1_33' title='bbox 99 562 193 616; x_wconf 77' lang='lat' dir='ltr'>gentem</span> <span class='ocrx_word' id='word_1_34' title='bbox 204 554 269 600; x_wconf 88' lang='lat' dir='ltr'>aunis</span> <span class='ocrx_word' id='word_1_35' title='bbox 280 553 400 610; x_wconf 84' lang='lat' dir='ltr'>dictitans;</span> <span class='ocrx_word' id='word_1_36' title='bbox 417 569 463 602; x_wconf 88' lang='lat' dir='ltr'>non</span> <span class='ocrx_word' id='word_1_37' title='bbox 483 560 508 600; x_wconf 93' lang='lat' dir='ltr'>ut</span> <span class='ocrx_word' id='word_1_38' title='bbox 526 553 657 601; x_wconf 81' lang='lat' dir='ltr'>Africanum</span> <span class='ocrx_word' id='word_1_39' title='bbox 673 555 714 600; x_wconf 89' lang='lat' dir='ltr'>sibi</span> <span class='ocrx_word' id='word_1_40' title='bbox 725 569 762 600; x_wconf 88' lang='lat' dir='ltr'>se·</span> 
     </span>
     <span class='ocr_line' id='line_1_7' title="bbox 98 618 763 682; baseline -0.002 -17"><span class='ocrx_word' id='word_1_41' title='bbox 98 625 202 682; x_wconf 87' lang='lat' dir='ltr'>poneret,</span> <span class='ocrx_word' id='word_1_42' title='bbox 223 618 309 665; x_wconf 89' lang='lat' dir='ltr'>sedne</span> <span class='ocrx_word' id='word_1_43' title='bbox 327 619 405 678; x_wconf 90' lang='lat' dir='ltr'>opibus</span> <span class='ocrx_word' id='word_1_44' title='bbox 419 624 442 664; x_wconf 91' lang='lat' dir='ltr'>et</span> <span class='ocrx_word' id='word_1_45' title='bbox 459 619 553 666; x_wconf 90' lang='lat' dir='ltr'>orbitate</span> <span class='ocrx_word' id='word_1_46' title='bbox 571 619 654 666; x_wconf 82' lang='lat' dir='ltr'>Silanae</span> <span class='ocrx_word' id='word_1_47' title='bbox 669 619 763 665; x_wconf 86' lang='lat' dir='ltr'>maritus</span> 
     </span>
     <span class='ocr_line' id='line_1_8' title="bbox 98 681 763 746; baseline -0.002 -16"><span class='ocrx_word' id='word_1_48' title='bbox 98 685 217 746; x_wconf 87' lang='lat' dir='ltr'>potiretur.</span> <span class='ocrx_word' id='word_1_49' title='bbox 250 681 300 737; x_wconf 82' lang='lat' dir='ltr'>llla,</span> <span class='ocrx_word' id='word_1_50' title='bbox 312 684 449 745; x_wconf 88' lang='lat' dir='ltr'>speultionis</span> <span class='ocrx_word' id='word_1_51' title='bbox 460 682 541 739; x_wconf 72' lang='lat' dir='ltr'>oblati,</span> <span class='ocrx_word' id='word_1_52' title='bbox 552 690 615 746; x_wconf 88' lang='lat' dir='ltr'>parat</span> <span class='ocrx_word' id='word_1_53' title='bbox 623 692 763 729; x_wconf 76' lang='lat' dir='ltr'>accusatores</span> 
     </span>
     <span class='ocr_line' id='line_1_9' title="bbox 99 745 765 805; baseline -0.003 -9"><span class='ocrx_word' id='word_1_54' title='bbox 99 763 130 796; x_wconf 86' lang='lat' dir='ltr'>ex</span> <span class='ocrx_word' id='word_1_55' title='bbox 140 749 259 796; x_wconf 80' lang='lat' dir='ltr'>clientibus</span> <span class='ocrx_word' id='word_1_56' title='bbox 269 749 323 801; x_wconf 88' lang='lat' dir='ltr'>suis,</span> <span class='ocrx_word' id='word_1_57' title='bbox 335 745 431 795; x_wconf 90' lang='lat' dir='ltr'>Iturium</span> <span class='ocrx_word' id='word_1_58' title='bbox 448 756 472 795; x_wconf 86' lang='lat' dir='ltr'>et</span> <span class='ocrx_word' id='word_1_59' title='bbox 483 746 616 805; x_wconf 87' lang='lat' dir='ltr'>Calvisium,</span> <span class='ocrx_word' id='word_1_60' title='bbox 631 764 677 795; x_wconf 91' lang='lat' dir='ltr'>non</span> <span class='ocrx_word' id='word_1_61' title='bbox 688 755 765 794; x_wconf 86' lang='lat' dir='ltr'>vetera</span> 
     </span>
     <span class='ocr_line' id='line_1_10' title="bbox 100 812 763 875; baseline -0.003 -15"><span class='ocrx_word' id='word_1_62' title='bbox 100 821 125 860; x_wconf 86' lang='lat' dir='ltr'>et</span> <span class='ocrx_word' id='word_1_63' title='bbox 135 814 220 875; x_wconf 76' lang='lat' dir='ltr'>saepius</span> <span class='ocrx_word' id='word_1_64' title='bbox 226 813 274 875; x_wconf 87' lang='lat' dir='ltr'>jam</span> <span class='ocrx_word' id='word_1_65' title='bbox 286 813 361 859; x_wconf 88' lang='lat' dir='ltr'>audita</span> <span class='ocrx_word' id='word_1_66' title='bbox 372 813 480 866; x_wconf 85' lang='lat' dir='ltr'>deferens,</span> <span class='ocrx_word' id='word_1_67' title='bbox 495 813 555 873; x_wconf 93' lang='lat' dir='ltr'>quod</span> <span class='ocrx_word' id='word_1_68' title='bbox 566 812 690 859; x_wconf 88' lang='lat' dir='ltr'>Britannici</span> <span class='ocrx_word' id='word_1_69' title='bbox 701 828 763 858; x_wconf 91' lang='lat' dir='ltr'>mor·</span> 
     </span>
     <span class='ocr_line' id='line_1_11' title="bbox 100 876 764 940; baseline 0 -16"><span class='ocrx_word' id='word_1_70' title='bbox 100 885 148 925; x_wconf 87' lang='lat' dir='ltr'>tem</span> <span class='ocrx_word' id='word_1_71' title='bbox 171 878 266 940; x_wconf 82' lang='lat' dir='ltr'>lugeret,</span> <span class='ocrx_word' id='word_1_72' title='bbox 286 885 326 923; x_wconf 92' lang='lat' dir='ltr'>aut</span> <span class='ocrx_word' id='word_1_73' title='bbox 343 876 445 924; x_wconf 82' lang='lat' dir='ltr'>Octaviae</span> <span class='ocrx_word' id='word_1_74' title='bbox 462 879 553 938; x_wconf 86' lang='lat' dir='ltr'>injurias</span> <span class='ocrx_word' id='word_1_75' title='bbox 567 879 699 939; x_wconf 85' lang='lat' dir='ltr'>evulgaret;</span> <span class='ocrx_word' id='word_1_76' title='bbox 717 877 764 933; x_wconf 85' lang='lat' dir='ltr'>sed,</span> 
     </span>
     <span class='ocr_line' id='line_1_12' title="bbox 100 941 763 1004; baseline -0.005 -14"><span class='ocrx_word' id='word_1_77' title='bbox 100 943 251 990; x_wconf 75' lang='lat' dir='ltr'>destinavisse</span> <span class='ocrx_word' id='word_1_78' title='bbox 261 958 318 997; x_wconf 87' lang='lat' dir='ltr'>eam,</span> <span class='ocrx_word' id='word_1_79' title='bbox 330 942 459 988; x_wconf 86' lang='lat' dir='ltr'>Rubellium</span> <span class='ocrx_word' id='word_1_80' title='bbox 468 941 580 997; x_wconf 89' lang='lat' dir='ltr'>Plautum,</span> <span class='ocrx_word' id='word_1_81' title='bbox 592 959 632 1004; x_wconf 92' lang='lat' dir='ltr'>per</span> <span class='ocrx_word' id='word_1_82' title='bbox 639 950 763 989; x_wconf 82' lang='lat' dir='ltr'>maternam</span> 
     </span>
     <span class='ocr_line' id='line_1_13' title="bbox 100 1006 764 1070; baseline -0.005 -15"><span class='ocrx_word' id='word_1_83' title='bbox 100 1008 215 1070; x_wconf 82' lang='lat' dir='ltr'>originem</span> <span class='ocrx_word' id='word_1_84' title='bbox 226 1008 272 1069; x_wconf 91' lang='lat' dir='ltr'>pari</span> <span class='ocrx_word' id='word_1_85' title='bbox 288 1023 314 1053; x_wconf 94' lang='lat' dir='ltr'>ac</span> <span class='ocrx_word' id='word_1_86' title='bbox 324 1006 389 1053; x_wconf 90' lang='lat' dir='ltr'>Nero</span> <span class='ocrx_word' id='word_1_87' title='bbox 405 1006 476 1068; x_wconf 84' lang='lat' dir='ltr'>gradu</span> <span class='ocrx_word' id='word_1_88' title='bbox 485 1023 507 1054; x_wconf 91' lang='lat' dir='ltr'>·a</span> <span class='ocrx_word' id='word_1_89' title='bbox 518 1006 551 1053; x_wconf 90' lang='lat' dir='ltr'>D.</span> <span class='ocrx_word' id='word_1_90' title='bbox 563 1007 676 1069; x_wconf 79' lang='lat' dir='ltr'>Augusto,</span> <span class='ocrx_word' id='word_1_91' title='bbox 689 1008 716 1052; x_wconf 90' lang='lat' dir='ltr'>ad</span> <span class='ocrx_word' id='word_1_92' title='bbox 727 1022 764 1053; x_wconf 88' lang='lat' dir='ltr'>res</span> 
     </span>
     <span class='ocr_line' id='line_1_14' title="bbox 102 1071 764 1135; baseline -0.003 -16"><span class='ocrx_word' id='word_1_93' title='bbox 102 1088 176 1119; x_wconf 82' lang='lat' dir='ltr'>novas</span> <span class='ocrx_word' id='word_1_94' title='bbox 190 1072 314 1128; x_wconf 86' lang='lat' dir='ltr'>extollere;</span> <span class='ocrx_word' id='word_1_95' title='bbox 332 1073 483 1134; x_wconf 82' lang='lat' dir='ltr'>conjugioque</span> <span class='ocrx_word' id='word_1_96' title='bbox 501 1073 549 1133; x_wconf 88' lang='lat' dir='ltr'>ejus</span> <span class='ocrx_word' id='word_1_97' title='bbox 568 1081 591 1118; x_wconf 90' lang='lat' dir='ltr'>et</span> <span class='ocrx_word' id='word_1_98' title='bbox 604 1074 653 1135; x_wconf 89' lang='lat' dir='ltr'>jam</span> <span class='ocrx_word' id='word_1_99' title='bbox 671 1071 764 1133; x_wconf 89' lang='lat' dir='ltr'>imperio</span> 
     </span>
     <span class='ocr_line' id='line_1_15' title="bbox 102 1134 765 1199; baseline -0.003 -15"><span class='ocrx_word' id='word_1_100' title='bbox 102 1153 174 1199; x_wconf 89' lang='lat' dir='ltr'>remp.</span> <span class='ocrx_word' id='word_1_101' title='bbox 194 1152 271 1183; x_wconf 88' lang='lat' dir='ltr'>rursus</span> <span class='ocrx_word' id='word_1_102' title='bbox 285 1136 397 1183; x_wconf 86' lang='lat' dir='ltr'>invadere.</span> <span class='ocrx_word' id='word_1_103' title='bbox 431 1135 491 1182; x_wconf 88' lang='lat' dir='ltr'>Haec</span> <span class='ocrx_word' id='word_1_104' title='bbox 508 1135 592 1183; x_wconf 85' lang='lat' dir='ltr'>Iturius</span> <span class='ocrx_word' id='word_1_105' title='bbox 611 1146 635 1183; x_wconf 90' lang='lat' dir='ltr'>et</span> <span class='ocrx_word' id='word_1_106' title='bbox 651 1134 765 1184; x_wconf 87' lang='lat' dir='ltr'>Calvisius</span> 
     </span>
     <span class='ocr_line' id='line_1_16' title="bbox 102 1192 764 1263; baseline -0.005 -14"><span class='ocrx_word' id='word_1_107' title='bbox 102 1202 215 1256; x_wconf 82' lang='lat' dir='ltr'>Atimeto,</span> <span class='ocrx_word' id='word_1_108' title='bbox 237 1200 355 1255; x_wconf 87' lang='lat' dir='ltr'>Domitiae,</span> <span class='ocrx_word' id='word_1_109' title='bbox 380 1192 480 1247; x_wconf 84' lang='lat' dir='ltr'>Neronis</span> <span class='ocrx_word' id='word_1_110' title='bbox 501 1202 583 1255; x_wconf 83' lang='lat' dir='ltr'>amitae,</span> <span class='ocrx_word' id='word_1_111' title='bbox 602 1201 688 1255; x_wconf 90' lang='lat' dir='ltr'>liberto,</span> <span class='ocrx_word' id='word_1_112' title='bbox 711 1215 764 1263; x_wconf 86' lang='lat' dir='ltr'>ape·</span> 
     </span>
     <span class='ocr_line' id='line_1_17' title="bbox 104 1265 764 1329; baseline -0.002 -17"><span class='ocrx_word' id='word_1_113' title='bbox 104 1269 181 1314; x_wconf 86' lang='lat' dir='ltr'>riunt:</span> <span class='ocrx_word' id='word_1_114' title='bbox 202 1266 247 1327; x_wconf 88' lang='lat' dir='ltr'>qui,</span> <span class='ocrx_word' id='word_1_115' title='bbox 266 1266 333 1312; x_wconf 88' lang='lat' dir='ltr'>laetus</span> <span class='ocrx_word' id='word_1_116' title='bbox 345 1267 424 1312; x_wconf 89' lang='lat' dir='ltr'>oblatis</span> <span class='ocrx_word' id='word_1_117' title='bbox 442 1267 534 1329; x_wconf 87' lang='lat' dir='ltr'>(quippe</span> <span class='ocrx_word' id='word_1_118' title='bbox 545 1267 604 1312; x_wconf 91' lang='lat' dir='ltr'>inter</span> <span class='ocrx_word' id='word_1_119' title='bbox 616 1265 764 1326; x_wconf 84' lang='lat' dir='ltr'>Agrippinam</span> 
     </span>
     <span class='ocr_line' id='line_1_18' title="bbox 102 1329 765 1389; baseline -0.006 -11"><span class='ocrx_word' id='word_1_120' title='bbox 102 1339 127 1378; x_wconf 91' lang='lat' dir='ltr'>et</span> <span class='ocrx_word' id='word_1_121' title='bbox 135 1331 263 1377; x_wconf 86' lang='lat' dir='ltr'>Domitiam</span> <span class='ocrx_word' id='word_1_122' title='bbox 272 1330 359 1377; x_wconf 86' lang='lat' dir='ltr'>insensa</span> <span class='ocrx_word' id='word_1_123' title='bbox 370 1331 483 1378; x_wconf 86' lang='lat' dir='ltr'>aemulatio</span> <span class='ocrx_word' id='word_1_124' title='bbox 494 1329 648 1389; x_wconf 85' lang='lat' dir='ltr'>exercebatur)</span> <span class='ocrx_word' id='word_1_125' title='bbox 662 1329 765 1375; x_wconf 85' lang='lat' dir='ltr'>Paridem</span> 
     </span>
     <span class='ocr_line' id='line_1_19' title="bbox 103 1394 766 1458; baseline -0.005 -15"><span class='ocrx_word' id='word_1_126' title='bbox 103 1397 244 1451; x_wconf 83' lang='lat' dir='ltr'>histrionem,</span> <span class='ocrx_word' id='word_1_127' title='bbox 256 1396 358 1442; x_wconf 91' lang='lat' dir='ltr'>libertum</span> <span class='ocrx_word' id='word_1_128' title='bbox 370 1403 392 1442; x_wconf 88' lang='lat' dir='ltr'>et</span> <span class='ocrx_word' id='word_1_129' title='bbox 404 1397 475 1458; x_wconf 88' lang='lat' dir='ltr'>ipsum</span> <span class='ocrx_word' id='word_1_130' title='bbox 487 1394 604 1451; x_wconf 86' lang='lat' dir='ltr'>Domitiae,</span> <span class='ocrx_word' id='word_1_131' title='bbox 622 1394 716 1456; x_wconf 90' lang='lat' dir='ltr'>impulit,</span> <span class='ocrx_word' id='word_1_132' title='bbox 732 1394 766 1440; x_wconf 91' lang='lat' dir='ltr'>ire</span> 
     </span>
     <span class='ocr_line' id='line_1_20' title="bbox 103 1461 563 1524; baseline -0.002 -16"><span class='ocrx_word' id='word_1_133' title='bbox 103 1477 207 1524; x_wconf 87' lang='lat' dir='ltr'>propere,</span> <span class='ocrx_word' id='word_1_134' title='bbox 218 1462 347 1521; x_wconf 90' lang='lat' dir='ltr'>crimenque</span> <span class='ocrx_word' id='word_1_135' title='bbox 357 1462 461 1507; x_wconf 87' lang='lat' dir='ltr'>atrociter</span> <span class='ocrx_word' id='word_1_136' title='bbox 471 1461 563 1508; x_wconf 83' lang='lat' dir='ltr'>deferre.</span> 
     </span>
    </p>

    <p class='ocr_par' dir='ltr' id='par_1_3' title="bbox 103 1525 769 2299">
     <span class='ocr_line' id='line_1_21' title="bbox 137 1525 765 1588; baseline -0.003 -16"><span class='ocrx_word' id='word_1_137' title='bbox 137 1525 205 1573; x_wconf 85' lang='lat' dir='ltr'>XX.·</span> <span class='ocrx_word' id='word_1_138' title='bbox 215 1525 328 1572; x_wconf 84' lang='lat' dir='ltr'>Provecta</span> <span class='ocrx_word' id='word_1_139' title='bbox 338 1541 384 1571; x_wconf 82' lang='lat' dir='ltr'>nox</span> <span class='ocrx_word' id='word_1_140' title='bbox 395 1534 448 1580; x_wconf 85' lang='lat' dir='ltr'>erat,</span> <span class='ocrx_word' id='word_1_141' title='bbox 465 1534 488 1573; x_wconf 91' lang='lat' dir='ltr'>et</span> <span class='ocrx_word' id='word_1_142' title='bbox 507 1525 595 1574; x_wconf 88' lang='lat' dir='ltr'>Neroni</span> <span class='ocrx_word' id='word_1_143' title='bbox 611 1541 652 1588; x_wconf 89' lang='lat' dir='ltr'>per</span> <span class='ocrx_word' id='word_1_144' title='bbox 662 1525 765 1572; x_wconf 85' lang='lat' dir='ltr'>vinolen-</span> 
     </span>
     <span class='ocr_line' id='line_1_22' title="bbox 104 1590 765 1652; baseline -0.003 -15"><span class='ocrx_word' id='word_1_145' title='bbox 104 1591 160 1638; x_wconf 87' lang='lat' dir='ltr'>tiam</span> <span class='ocrx_word' id='word_1_146' title='bbox 177 1591 319 1647; x_wconf 81' lang='lat' dir='ltr'>trahebatur3</span> <span class='ocrx_word' id='word_1_147' title='bbox 337 1606 388 1637; x_wconf 91' lang='lat' dir='ltr'>cum</span> <span class='ocrx_word' id='word_1_148' title='bbox 399 1591 523 1652; x_wconf 83' lang='lat' dir='ltr'>ingreditur</span> <span class='ocrx_word' id='word_1_149' title='bbox 534 1590 605 1645; x_wconf 91' lang='lat' dir='ltr'>Paris,</span> <span class='ocrx_word' id='word_1_150' title='bbox 620 1591 699 1637; x_wconf 87' lang='lat' dir='ltr'>solitus</span> <span class='ocrx_word' id='word_1_151' title='bbox 709 1590 765 1636; x_wconf 88' lang='lat' dir='ltr'>alio·</span> 
     </span>
     <span class='ocr_line' id='line_1_23' title="bbox 105 1655 765 1717; baseline 0 -16"><span class='ocrx_word' id='word_1_152' title='bbox 105 1657 160 1716; x_wconf 89' lang='lat' dir='ltr'>quin</span> <span class='ocrx_word' id='word_1_153' title='bbox 178 1655 202 1701; x_wconf 93' lang='lat' dir='ltr'>id</span> <span class='ocrx_word' id='word_1_154' title='bbox 222 1656 329 1716; x_wconf 84' lang='lat' dir='ltr'>temporis</span> <span class='ocrx_word' id='word_1_155' title='bbox 347 1656 413 1702; x_wconf 89' lang='lat' dir='ltr'>luxus</span> <span class='ocrx_word' id='word_1_156' title='bbox 433 1656 539 1717; x_wconf 88' lang='lat' dir='ltr'>principis</span> <span class='ocrx_word' id='word_1_157' title='bbox 557 1656 680 1702; x_wconf 84' lang='lat' dir='ltr'>intendere.</span> <span class='ocrx_word' id='word_1_158' title='bbox 720 1655 765 1701; x_wconf 88' lang='lat' dir='ltr'>Sed</span> 
     </span>
     <span class='ocr_line' id='line_1_24' title="bbox 104 1720 767 1783; baseline 0 -17"><span class='ocrx_word' id='word_1_159' title='bbox 104 1727 161 1766; x_wconf 90' lang='lat' dir='ltr'>tuuc</span> <span class='ocrx_word' id='word_1_160' title='bbox 176 1721 313 1782; x_wconf 86' lang='lat' dir='ltr'>compositus</span> <span class='ocrx_word' id='word_1_161' title='bbox 331 1720 359 1766; x_wconf 88' lang='lat' dir='ltr'>ad</span> <span class='ocrx_word' id='word_1_162' title='bbox 374 1723 510 1776; x_wconf 83' lang='lat' dir='ltr'>moestiiiam,</span> <span class='ocrx_word' id='word_1_163' title='bbox 530 1721 676 1783; x_wconf 83' lang='lat' dir='ltr'>expositoque</span> <span class='ocrx_word' id='word_1_164' title='bbox 692 1720 767 1766; x_wconf 90' lang='lat' dir='ltr'>indicii</span> 
     </span>
     <span class='ocr_line' id='line_1_25' title="bbox 105 1786 766 1842; baseline 0 -10"><span class='ocrx_word' id='word_1_165' title='bbox 105 1786 191 1839; x_wconf 86' lang='lat' dir='ltr'>ordine,</span> <span class='ocrx_word' id='word_1_166' title='bbox 209 1787 241 1831; x_wconf 91' lang='lat' dir='ltr'>ita</span> <span class='ocrx_word' id='word_1_167' title='bbox 259 1786 384 1832; x_wconf 85' lang='lat' dir='ltr'>audientem</span> <span class='ocrx_word' id='word_1_168' title='bbox 402 1793 505 1842; x_wconf 80' lang='lat' dir='ltr'>exterret,</span> <span class='ocrx_word' id='word_1_169' title='bbox 521 1793 546 1832; x_wconf 90' lang='lat' dir='ltr'>ut</span> <span class='ocrx_word' id='word_1_170' title='bbox 562 1801 607 1833; x_wconf 90' lang='lat' dir='ltr'>non</span> <span class='ocrx_word' id='word_1_171' title='bbox 618 1793 705 1835; x_wconf 85' lang='lat' dir='ltr'>tantum</span> <span class='ocrx_word' id='word_1_172' title='bbox 717 1800 766 1832; x_wconf 89' lang='lat' dir='ltr'>ma·</span> 
     </span>
     <span class='ocr_line' id='line_1_26' title="bbox 105 1849 766 1910; baseline -0.002 -14"><span class='ocrx_word' id='word_1_173' title='bbox 105 1857 164 1896; x_wconf 91' lang='lat' dir='ltr'>trem</span> <span class='ocrx_word' id='word_1_174' title='bbox 176 1849 328 1910; x_wconf 83' lang='lat' dir='ltr'>Plautumque</span> <span class='ocrx_word' id='word_1_175' title='bbox 337 1849 468 1905; x_wconf 87' lang='lat' dir='ltr'>interficere,</span> <span class='ocrx_word' id='word_1_176' title='bbox 487 1852 526 1898; x_wconf 91' lang='lat' dir='ltr'>sed</span> <span class='ocrx_word' id='word_1_177' title='bbox 538 1850 637 1898; x_wconf 90' lang='lat' dir='ltr'>Burrum</span> <span class='ocrx_word' id='word_1_178' title='bbox 648 1851 715 1897; x_wconf 89' lang='lat' dir='ltr'>etiam</span> <span class='ocrx_word' id='word_1_179' title='bbox 727 1850 766 1896; x_wconf 92' lang='lat' dir='ltr'>de·</span> 
     </span>
     <span class='ocr_line' id='line_1_27' title="bbox 105 1915 767 1976; baseline 0.002 -16"><span class='ocrx_word' id='word_1_180' title='bbox 105 1930 199 1961; x_wconf 85' lang='lat' dir='ltr'>movere</span> <span class='ocrx_word' id='word_1_181' title='bbox 215 1915 349 1976; x_wconf 67' lang='lat' dir='ltr'>praefectura</span> <span class='ocrx_word' id='word_1_182' title='bbox 363 1917 489 1971; x_wconf 81' lang='lat' dir='ltr'>destinaret,</span> <span class='ocrx_word' id='word_1_183' title='bbox 509 1923 621 1976; x_wconf 91' lang='lat' dir='ltr'>tamquam</span> <span class='ocrx_word' id='word_1_184' title='bbox 634 1915 767 1976; x_wconf 82' lang='lat' dir='ltr'>Agrippinae</span> 
     </span>
     <span class='ocr_line' id='line_1_28' title="bbox 104 1978 765 2042; baseline -0.002 -16"><span class='ocrx_word' id='word_1_185' title='bbox 104 1978 179 2042; x_wconf 70' lang='lat' dir='ltr'>gratia</span> <span class='ocrx_word' id='word_1_186' title='bbox 186 1988 324 2041; x_wconf 87' lang='lat' dir='ltr'>provectum,</span> <span class='ocrx_word' id='word_1_187' title='bbox 336 1989 359 2027; x_wconf 90' lang='lat' dir='ltr'>et</span> <span class='ocrx_word' id='word_1_188' title='bbox 367 1981 439 2027; x_wconf 85' lang='lat' dir='ltr'>vicem</span> <span class='ocrx_word' id='word_1_189' title='bbox 448 1981 583 2027; x_wconf 89' lang='lat' dir='ltr'>reddentem.</span> <span class='ocrx_word' id='word_1_190' title='bbox 610 1980 692 2026; x_wconf 78' lang='lat' dir='ltr'>Falius</span> <span class='ocrx_word' id='word_1_191' title='bbox 703 1979 765 2025; x_wconf 88' lang='lat' dir='ltr'>Rus·</span> 
     </span>
     <span class='ocr_line' id='line_1_29' title="bbox 103 2042 768 2106; baseline -0.002 -16"><span class='ocrx_word' id='word_1_192' title='bbox 103 2046 164 2091; x_wconf 88' lang='lat' dir='ltr'>tious</span> <span class='ocrx_word' id='word_1_193' title='bbox 175 2052 253 2091; x_wconf 91' lang='lat' dir='ltr'>auctor</span> <span class='ocrx_word' id='word_1_194' title='bbox 269 2052 310 2100; x_wconf 88' lang='lat' dir='ltr'>est,</span> <span class='ocrx_word' id='word_1_195' title='bbox 329 2047 423 2106; x_wconf 89' lang='lat' dir='ltr'>scriptos</span> <span class='ocrx_word' id='word_1_196' title='bbox 440 2061 489 2092; x_wconf 88' lang='lat' dir='ltr'>esse</span> <span class='ocrx_word' id='word_1_197' title='bbox 500 2047 528 2092; x_wconf 89' lang='lat' dir='ltr'>ad</span> <span class='ocrx_word' id='word_1_198' title='bbox 540 2044 654 2092; x_wconf 83' lang='lat' dir='ltr'>Caecinam</span> <span class='ocrx_word' id='word_1_199' title='bbox 666 2042 768 2090; x_wconf 89' lang='lat' dir='ltr'>Tuscum</span> 
     </span>
     <span class='ocr_line' id='line_1_30' title="bbox 105 2106 766 2172; baseline -0.003 -16"><span class='ocrx_word' id='word_1_200' title='bbox 105 2109 229 2162; x_wconf 85' lang='lat' dir='ltr'>codicillos,</span> <span class='ocrx_word' id='word_1_201' title='bbox 247 2108 352 2158; x_wconf 82' lang='lat' dir='ltr'>mandati</span> <span class='ocrx_word' id='word_1_202' title='bbox 362 2112 382 2156; x_wconf 91' lang='lat' dir='ltr'>ei</span> <span class='ocrx_word' id='word_1_203' title='bbox 393 2111 546 2172; x_wconf 86' lang='lat' dir='ltr'>praetoriarum</span> <span class='ocrx_word' id='word_1_204' title='bbox 563 2110 686 2155; x_wconf 88' lang='lat' dir='ltr'>cohortium</span> <span class='ocrx_word' id='word_1_205' title='bbox 699 2106 766 2154; x_wconf 74' lang='lat' dir='ltr'>curis</span> 
     </span>
     <span class='ocr_line' id='line_1_31' title="bbox 105 2172 767 2237; baseline -0.003 -17"><span class='ocrx_word' id='word_1_206' title='bbox 105 2174 146 2221; x_wconf 85' lang='lat' dir='ltr'>sed</span> <span class='ocrx_word' id='word_1_207' title='bbox 157 2190 200 2236; x_wconf 89' lang='lat' dir='ltr'>ope</span> <span class='ocrx_word' id='word_1_208' title='bbox 209 2175 303 2222; x_wconf 86' lang='lat' dir='ltr'>Senecae</span> <span class='ocrx_word' id='word_1_209' title='bbox 317 2176 469 2237; x_wconf 85' lang='lat' dir='ltr'>dignationem</span> <span class='ocrx_word' id='word_1_210' title='bbox 481 2174 556 2220; x_wconf 91' lang='lat' dir='ltr'>Burro</span> <span class='ocrx_word' id='word_1_211' title='bbox 571 2180 687 2220; x_wconf 85' lang='lat' dir='ltr'>retentam.</span> <span class='ocrx_word' id='word_1_212' title='bbox 719 2172 767 2219; x_wconf 93' lang='lat' dir='ltr'>Pli-</span> 
     </span>
     <span class='ocr_line' id='line_1_32' title="bbox 104 2238 769 2299; baseline -0.005 -14"><span class='ocrx_word' id='word_1_213' title='bbox 104 2240 157 2285; x_wconf 84' lang='lat' dir='ltr'>nius</span> <span class='ocrx_word' id='word_1_214' title='bbox 169 2246 193 2285; x_wconf 89' lang='lat' dir='ltr'>et</span> <span class='ocrx_word' id='word_1_215' title='bbox 205 2238 306 2292; x_wconf 88' lang='lat' dir='ltr'>Cluvius,</span> <span class='ocrx_word' id='word_1_216' title='bbox 319 2240 374 2286; x_wconf 89' lang='lat' dir='ltr'>nibil</span> <span class='ocrx_word' id='word_1_217' title='bbox 384 2241 507 2287; x_wconf 87' lang='lat' dir='ltr'>dubitatum</span> <span class='ocrx_word' id='word_1_218' title='bbox 519 2241 547 2286; x_wconf 89' lang='lat' dir='ltr'>de</span> <span class='ocrx_word' id='word_1_219' title='bbox 560 2239 604 2285; x_wconf 90' lang='lat' dir='ltr'>fide</span> <span class='ocrx_word' id='word_1_220' title='bbox 615 2238 721 2299; x_wconf 82' lang='lat' dir='ltr'>praefecti,</span> <span class='ocrx_word' id='word_1_221' title='bbox 734 2253 769 2283; x_wconf 93' lang='lat' dir='ltr'>re-</span> 
     </span>
    </p>

    <p class='ocr_par' dir='ltr' id='par_1_4' title="bbox 31 2302 832 2789">
     <span class='ocr_line' id='line_1_33' title="bbox 31 2302 768 2356; baseline -0.003 -6"><span class='ocrx_word' id='word_1_222' title='bbox 31 2302 42 2325; x_wconf 72' lang='grc'><strong>*</strong></span> <span class='ocrx_word' id='word_1_223' title='bbox 104 2303 189 2350; x_wconf 83' lang='lat' dir='ltr'>serunt.</span> <span class='ocrx_word' id='word_1_224' title='bbox 223 2305 282 2351; x_wconf 87' lang='lat' dir='ltr'>Sane</span> <span class='ocrx_word' id='word_1_225' title='bbox 294 2304 376 2352; x_wconf 87' lang='lat' dir='ltr'>Fabius</span> <span class='ocrx_word' id='word_1_226' title='bbox 387 2305 479 2351; x_wconf 88' lang='lat' dir='ltr'>inclinat</span> <span class='ocrx_word' id='word_1_227' title='bbox 490 2305 518 2350; x_wconf 90' lang='lat' dir='ltr'>ad</span> <span class='ocrx_word' id='word_1_228' title='bbox 528 2305 604 2350; x_wconf 83' lang='lat' dir='ltr'>laudes</span> <span class='ocrx_word' id='word_1_229' title='bbox 616 2304 716 2356; x_wconf 83' lang='lat' dir='ltr'>Seuecae,</span> <span class='ocrx_word' id='word_1_230' title='bbox 728 2317 768 2348; x_wconf 92' lang='lat' dir='ltr'>cu·</span> 
     </span>
     <span class='ocr_line' id='line_1_34' title="bbox 98 2368 832 2435; baseline -0.004 -20"><span class='ocrx_word' id='word_1_231' title='bbox 98 2370 142 2429; x_wconf 83' lang='lat' dir='ltr'>jus</span> <span class='ocrx_word' id='word_1_232' title='bbox 159 2368 259 2416; x_wconf 71' lang='lat' dir='ltr'>amicitia</span> <span class='ocrx_word' id='word_1_233' title='bbox 269 2369 351 2417; x_wconf 80' lang='lat' dir='ltr'>floruit.</span> <span class='ocrx_word' id='word_1_234' title='bbox 384 2370 442 2425; x_wconf 90' lang='lat' dir='ltr'>Nos,</span> <span class='ocrx_word' id='word_1_235' title='bbox 455 2383 589 2416; x_wconf 88' lang='lat' dir='ltr'>consensum</span> <span class='ocrx_word' id='word_1_236' title='bbox 604 2376 720 2416; x_wconf 87' lang='lat' dir='ltr'>auctorum</span> <span class='ocrx_word' id='word_1_237' title='bbox 732 2382 768 2413; x_wconf 64' lang='lat' dir='ltr'>see</span> <span class='ocrx_word' id='word_1_238' title='bbox 824 2417 832 2435; x_wconf 32' lang='lat' dir='ltr'>p</span> 
     </span>
     <span class='ocr_line' id='line_1_35' title="bbox 98 2433 789 2501; baseline 0 -24"><span class='ocrx_word' id='word_1_239' title='bbox 98 2433 153 2484; x_wconf 82' lang='lat' dir='ltr'>cuti,</span> <span class='ocrx_word' id='word_1_240' title='bbox 165 2449 219 2492; x_wconf 80' lang='lat' dir='ltr'>quae</span> <span class='ocrx_word' id='word_1_241' title='bbox 226 2434 315 2483; x_wconf 84' lang='lat' dir='ltr'>diversa</span> <span class='ocrx_word' id='word_1_242' title='bbox 326 2438 476 2501; x_wconf 73' lang='lat' dir='ltr'>prodiderint,</span> <span class='ocrx_word' id='word_1_243' title='bbox 489 2435 789 2498; x_wconf 66' lang='lat' dir='ltr'>sub&#39;nonisninusipsarunx</span> 
     </span>
     <span class='ocr_line' id='line_1_36' title="bbox 89 2495 808 2573; baseline 0.006 -34"><span class='ocrx_word' id='word_1_244' title='bbox 89 2495 228 2568; x_wconf 71' lang='lat' dir='ltr'>trademus</span> <span class='ocrx_word' id='word_1_245' title='bbox 248 2497 318 2552; x_wconf 89' lang='lat' dir='ltr'>Nero</span> <span class='ocrx_word' id='word_1_246' title='bbox 342 2509 459 2573; x_wconf 85' lang='lat' dir='ltr'>trepidus,</span> <span class='ocrx_word' id='word_1_247' title='bbox 480 2515 507 2558; x_wconf 88' lang='lat' dir='ltr'>et</span> <span class='ocrx_word' id='word_1_248' title='bbox 527 2502 703 2557; x_wconf 65' lang='lat' dir='ltr'>interserenda</span> <span class='ocrx_word' id='word_1_249' title='bbox 719 2496 808 2546; x_wconf 68' lang='lat' dir='ltr'>marna</span> 
     </span>
     <span class='ocr_line' id='line_1_37' title="bbox 79 2558 830 2646; baseline 0.001 -29"><span class='ocrx_word' id='word_1_250' title='bbox 79 2558 170 2631; x_wconf 54' lang='lat' dir='ltr'>{ma</span> <span class='ocrx_word' id='word_1_251' title='bbox 185 2579 233 2640; x_wconf 57' lang='lat' dir='ltr'>aaa</span> <span class='ocrx_word' id='word_1_252' title='bbox 246 2572 316 2631; x_wconf 89' lang='lat' dir='ltr'>prius</span> <span class='ocrx_word' id='word_1_253' title='bbox 329 2576 426 2628; x_wconf 85' lang='lat' dir='ltr'>differri</span> <span class='ocrx_word' id='word_1_254' title='bbox 437 2579 531 2646; x_wconf 72' lang='lat' dir='ltr'>potuit,</span> <span class='ocrx_word' id='word_1_255' title='bbox 539 2571 830 2644; x_wconf 59' lang='lat' dir='ltr'>quamaumsnssm}</span> 
     </span>
     <span class='ocr_line' id='line_1_38' title="bbox 69 2629 832 2712; baseline -0.021 -13"><span class='ocrx_word' id='word_1_256' title='bbox 69 2632 298 2698; x_wconf 60' lang='lat' dir='ltr'>‘3¹¹⁸P&#39;0mmes0b</span> <span class='ocrx_word' id='word_1_257' title='bbox 324 2647 347 2694; x_wconf 89' lang='lat' dir='ltr'>si</span> <span class='ocrx_word' id='word_1_258' title='bbox 360 2646 486 2702; x_wconf 82' lang='lat' dir='ltr'>facinoris</span> <span class='ocrx_word' id='word_1_259' title='bbox 500 2651 709 2712; x_wconf 63' lang='lat' dir='ltr'>coarguereturx</span> <span class='ocrx_word' id='word_1_260' title='bbox 728 2629 832 2683; x_wconf 55' lang='lat' dir='ltr'>sem*</span> 
     </span>
     <span class='ocr_line' id='line_1_39' title="bbox 60 2693 832 2789; baseline -0.004 -22"><span class='ocrx_word' id='word_1_261' title='bbox 60 2693 297 2758; x_wconf 52' lang='lat' dir='ltr'>‘&#39;mue’&#39;“edum</span> <span class='ocrx_word' id='word_1_262' title='bbox 319 2721 439 2782; x_wconf 85' lang='lat' dir='ltr'>parenti,</span> <span class='ocrx_word' id='word_1_263' title='bbox 465 2719 660 2789; x_wconf 75' lang='lat' dir='ltr'>deieusaonem</span> <span class='ocrx_word' id='word_1_264' title='bbox 677 2693 832 2760; x_wconf 52' lang='lat' dir='ltr'>titbffllffi</span> 
     </span>
    </p>
   </div>
   <div class='ocr_carea' id='block_1_3' title="bbox 0 0 854 3188">
    <p class='ocr_par' dir='ltr' id='par_1_5' title="bbox 0 0 854 3188">
     <span class='ocr_line' id='line_1_40' title="bbox 0 0 854 3188; baseline 0 0"><span class='ocrx_word' id='word_1_265' title='bbox 0 0 854 3188; x_wconf 95' lang='lat' dir='ltr'> </span> 
     </span>
    </p>
   </div>
  </div>
 </body>
</html>
