1680 3188
69 470 72 475 ’
113 466 146 512 24
194 456 599 510 ᾹΝΝΑΈῙΰΜῶιίΧΠιΟΔιι
608 458 649 506 52.
662 459 783 503 UJCM.

113 606 166 657 psrs
176 591 257 640 domd‘s
268 592 317 638 sine
327 590 421 654 imperio
429 597 513 653 ageret.
533 589 628 639 Incessu
636 588 781 648 Parthorum,

114 660 164 706 sine
185 658 234 704 acie
251 656 310 718 pulsi
329 654 404 712 lberi;
420 658 530 717 urbesque
548 655 716 710 Armeniorum,
735 656 783 703 Ar·

115 729 192 770 taxata
210 729 234 769 et
252 690 450 783 Tigmnoceria'
440 735 524 797 Jugum
544 735 659 781 accepere.
691 719 784 769 Deinde

115 795 182 836 atrox
196 788 275 841 biems,
287 801 327 834 seu
337 801 416 848 parum
431 785 514 848 provisi
529 791 675 839 commeatus,
696 793 720 831 et
734 793 786 834 orta

116 868 146 900 ex
164 860 260 929 utroque
281 851 353 908 tabes,
374 851 499 913 percellunt
520 847 660 911 Vologesen,
680 851 786 898 omittere

116 917 250 980 praeseutia·
268 931 407 977 vacuamque
418 930 495 961 rursus
505 915 637 961 Armeniam
649 913 786 963 RhadamIs-

118 991 155 1030 tus
174 981 263 1037 invasit,
281 981 430 1027 truculentior
446 994 514 1040 quam
529 990 602 1033 antes,
619 989 732 1039 tamquam
744 981 786 1028 ad·

118 1063 199 1096 uersum
207 1045 339 1100 defectores,
351 1053 374 1091 et
384 1046 408 1091 in
419 1052 521 1106 tempore
529 1045 680 1091 rebellaturos.
708 1048 787 1106 Atque

118 1113 158 1168 illi,
177 1111 281 1173 quamvis
301 1110 392 1158 servitio
410 1111 474 1164 sueti,
493 1109 623 1172 patientiam
643 1109 786 1173 abrumpunt,

119 1179 232 1237 armisque
240 1176 326 1236 regiam
336 1174 523 1221 circumveniunt.

153 1239 196 1293 LI.
214 1239 266 1288 Nee
277 1240 336 1286 aliud
354 1238 502 1286 Rhadamisto
514 1239 636 1286 subsidium
653 1237 703 1296 fuit,
719 1257 787 1302 quam

120 1307 240 1371 pernicitas
251 1318 366 1366 equorum,
378 1300 430 1364 quis
446 1319 513 1364 seque
523 1312 548 1350 et
558 1306 679 1366 conjugem
690 1307 789 1355 abstulit.

122 1373 169 1420 Sed
186 1372 270 1433 conjux
287 1369 380 1432 gravida
396 1370 491 1446 primam
514 1375 635 1430 utcumque
656 1369 742 1432 fugam,
758 1375 788 1420 ob

121 1445 208 1486 metum
219 1435 323 1482 hostilem
335 1442 358 1481 et
368 1434 443 1481 mariti
457 1434 579 1490 caritatem,
592 1435 709 1499 toleravit:
728 1445 788 1514 post,

120 1502 265 1550 festinatione
275 1497 389 1554 continui,
401 1500 438 1546 ubi
448 1501 510 1560 quati
525 1507 610 1554 uterus,
620 1508 644 1548 et
655 1501 742 1548 viscera
752 1503 788 1549 vie
811 1519 816 1534 ¹

122 1568 221 1622 brantur,
233 1581 304 1620 orare,
315 1572 342 1612 ut
351 1573 425 1612 morte
435 1563 530 1612 bonesti
543 1566 685 1612 contumeliis
696 1567 790 1628 captivi-

123 1637 176 1680 tatis
187 1633 329 1678 enumeretur
363 1628 406 1676 Ille
418 1645 491 1692 pnmo
502 1630 613 1691 amplecti
634 1631 790 1687 allevaread·

124 1697 215 1751 hortari,
226 1695 295 1742 modo
304 1696 411 1742 virtutem
422 1695 541 1749 admirans,
552 1695 621 1741 modo
632 1695 716 1743 timore
721 1712 791 1758 aeger,
823 1754 825 1759 ι

125 1778 155 1809 ne
163 1762 213 1824 quis
224 1758 302 1807 relicti
308 1761 424 1821 potiretur.
448 1759 575 1814 Postremo,
587 1759 792 1818 violentidamoris,

124 1836 149 1874 et
157 1825 282 1872 facinorum
294 1839 340 1871 nou
351 1825 418 1879 rudis,
430 1824 677 1886 destringitaoinacem,
687 1827 792 1887 yulaera·

124 1898 216 1953 tamque
233 1890 303 1952 ripam
322 1889 351 1936 ad
370 1890 454 1936 Araxis
471 1890 546 1945 trahit,
565 1887 652 1936 flumini
671 1892 796 1944 traditae

126 1971 208 2019 corpus
218 1955 286 2002 etiam
297 1953 434 2002 auferretur.
453 1955 502 2015 ipse
513 1969 613 2017 praeceps
625 1953 703 2002 Iberos
713 1956 742 2002 ud
752 1972 793 2019 pa-

127 2021 196 2068 trium
208 2035 303 2082 regnum
313 2020 422 2081 pervadit.
454 2017 550 2066 Interim
561 2019 682 2068 Zenobiam
696 2021 730 2084 (id
741 2037 792 2069 mu·

127 2087 178 2134 lieri
189 2083 283 2145 nomen)
295 2084 381 2147 placidi
391 2084 474 2139 illuvie,
485 2086 607 2146 spirantem
618 2101 645 2132 ac
656 2087 711 2133 vitae
720 2087 793 2133 mani-

127 2151 210 2199 festam
221 2148 337 2197 advertere
348 2158 455 2211 pastores,
473 2158 497 2196 et
511 2150 621 2212 dignitate
636 2151 716 2198 formae
733 2153 794 2199 haud

84 2216 87 2221 ’
129 2218 265 2278 degenerem
280 2223 415 2276 reputantes,
428 2215 530 2276 obligant
538 2216 627 2270 vulnus,
639 2217 738 2278 agrestia
744 2233 794 2264 me·

129 2281 241 2328 dicamine
257 2280 377 2336 adhibent;
394 2280 531 2341 cognitoque
550 2282 642 2326 nomine
656 2289 682 2328 et
694 2297 754 2336 casu,
770 2283 796 2330 ιιι

131 2347 209 2393 urbem
222 2345 332 2391 Artaxata
341 2344 424 2391 ferunt.
460 2344 527 2392 Unde
538 2344 626 2406 publicis
636 2345 690 2392 curi
699 2347 797 2396 deducta

131 2411 161 2458 ad
171 2409 294 2465 Tiridaten,
305 2409 445 2471 comiterque
455 2417 555 2472 excepta,
570 2410 633 2457 cultu
648 2413 712 2473 regio
724 2413 798 2463 imbita

132 2483 175 2524 ert.

133 2571 160 2620 U
172 2544 256 2622 0⁸80ss
329 2537 387 2587 LIL
411 2539 496 2588 Fausto
519 2540 587 2596 Sulld,
610 2541 687 2589 Salvio
707 2541 801 2590 Othone

145 2605 200 2686 J'c‘
210 2639 241 2684 53
257 2604 264 2618 ⁶
298 2601 374 2662 coss,
388 2605 471 2653 Furius
483 2606 641 2655 Scribonianus
657 2608 681 2652 in
695 2608 801 2656 exsilium

162 2671 168 2684 '
195 2671 201 2685 ¹
234 2668 249 2706 -'
297 2663 379 2732 agitur,
392 2672 455 2732 quasi
469 2669 537 2718 linem
548 2673 654 2733 principis
672 2688 712 2733 per
729 2671 800 2720 Chal-

126 2736 194 2781 ἄεισι
201 2740 359 2784 scrutaretur.
378 2737 540 2784 annectebatur
551 2736 641 2783 crimini
651 2735 722 2784 duum
729 2746 804 2784 mater

97 2797 171 2899 ΙξῘΠΙι
188 2805 217 2843 ut
227 2801 298 2849 casis
308 2803 395 2866 prioris
409 2805 477 2870 (nam
489 2803 595 2866 relegata
607 2799 670 2860 erati
684 2801 821 2859 lmqatrcns.

97 2853 179 2905 ΡΜ
196 2862 361 2928 Scriboniani,
382 2869 515 2926 Camillus,
533 2884 604 2918 arma
622 2881 666 2929 oei
682 2862 830 2908 mmmm

78 2928 226 2976 ”mmai-⁹
244 2932 367 2997 idqaecd
376 2939 542 2991 clementiam
554 2925 772 2983 trabebatCaesar,
782 2935 830 2977 quo

197 2994 344 3054 hostilem
335 3014 436 3058 aterum
450 3008 632 3057 conuertunt
665 2990 766 3052 Mill*
777 2990 830 3028 ιω
