1680 3188
67 131 169 176 J.c.60.
221 128 414 182 ANNALIUM
425 128 554 179 LmXIV.
567 129 655 180 Can&
702 136 735 182 69

67 261 159 309 Burrus
169 268 194 308 et
205 262 293 310 Seneca
302 262 441 323 reperirent;
459 277 516 323 quos
527 263 602 309 statim
614 262 735 318 acciverat,

68 327 182 374 incertum
195 343 226 374 an
237 333 262 374 et
271 334 325 374 ante
335 342 425 388 gnaros.
459 325 533 389 Igitur
543 327 638 389 longum
650 328 734 374 utrius·

68 407 114 453 que
124 392 247 446 silentium,
265 407 295 439 ne
311 393 366 438 irriti
382 393 541 446 dissuaderent,
560 407 588 438 an
600 409 628 438 eo
640 392 735 438 descen·

68 471 119 503 sum
128 457 256 510 credebant,
269 464 301 512 ut,
314 457 356 502 nisi
368 457 529 517 praeveniretur
539 457 670 518 Agrippina,
682 471 734 518 per·

67 521 170 568 eundum
198 521 287 568 Neroni
310 529 376 568 esset
421 521 479 568 Post
502 521 595 574 Seneca,
625 523 734 568 hactenus

67 587 187 648 promtior,
205 587 315 647 respicere
335 584 440 640 Burrum,
459 602 485 633 ac
496 587 610 642 sciscitari,
629 587 734 633 anmiliti

67 651 202 712 imperanda
214 651 289 697 caedes
306 651 381 696 esset?
399 649 442 696 llle
460 652 606 712 praetorianos
624 652 666 697 toti
679 649 733 698 Cae·

68 731 145 762 aarum
154 716 232 762 domui
244 716 369 770 obstrictos,
380 730 536 775 memoresque
548 715 685 768 Germanici,
697 715 733 760 ni·

67 780 101 826 hil
111 780 221 827 adversus
231 782 362 842 progeniem
378 782 427 841 ejus
443 788 509 826 atrox
520 795 620 834 ausuros,
641 794 735 840 respon·

68 846 116 892 dit:
147 851 286 906 perpetraret
307 844 418 891 Anicetus
439 842 554 905 promissa.
598 844 651 899 Qui,
681 845 736 891 nihil

68 917 196 963 cunctatus,
207 911 281 972 poscit
292 924 402 955 summam
411 909 508 956 sceleris.
542 909 580 956 Ad
592 925 641 955 eam
653 925 732 956 vocem
742 917 745 923 ’

70 973 143 1028 Nero,
161 975 201 1021 illo
213 975 253 1020 sibi
265 975 301 1020 die
311 975 358 1020 dari
372 975 496 1035 imperium,
509 981 666 1034 auctoremque
677 975 733 1021 tanti

70 1040 173 1086 muneris
188 1039 291 1085 libertum
302 1038 431 1101 profitetur:
453 1040 495 1084 iret
511 1054 610 1100 propere,
631 1040 734 1085 duceret·

70 1120 116 1165 que
134 1105 299 1166 promtissimos
318 1104 346 1150 ad
359 1105 429 1164 ,jussa
463 1102 522 1164 Ipse,
543 1104 625 1157 audito,
645 1105 734 1150 venisse

70 1170 142 1216 missu
153 1170 288 1230 Agrippinae
299 1169 402 1214 nuntium
413 1169 546 1230 Agerinum,
566 1183 654 1214 scenam
675 1169 734 1214 ultro

70 1234 171 1280 criminis
191 1241 267 1295 parat:
287 1234 439 1294 gladiumque,
456 1234 509 1279 dum
529 1234 633 1278 mandata
644 1232 734 1293 perfert,

69 1299 145 1360 abjicit
155 1299 215 1345 inter
225 1299 292 1360 pedes
303 1300 366 1360 ejus:
387 1305 440 1351 tum,
453 1298 515 1358 quasi
526 1298 671 1359 deprehenso,
683 1298 733 1343 vin·

68 1363 200 1426 clainjiciJ
194 1364 262 1417 'ubet
282 1371 313 1419 ut,
330 1364 423 1409 exitium
443 1364 548 1424 principis
565 1363 666 1408 molitam
685 1376 733 1408 ma·

69 1436 135 1484 trem,
156 1437 180 1475 et
190 1429 275 1491 pudore
291 1428 422 1489 deprehensi
439 1429 529 1476 sceleris
547 1435 626 1490 sponte
637 1433 733 1521 mortem
763 1444 770 1461 =

70 1495 186 1548 sumsisse,
198 1493 343 1554 confingeret.

104 1556 179 1604 VIIL
196 1557 291 1604 Interim
302 1559 395 1634 vulgato
408 1558 540 1620 Agrippinae
554 1558 659 1620 periculo,
670 1557 734 1618 quusi

69 1638 125 1670 casu
136 1624 256 1691 evenisset,
268 1629 293 1669 ut
304 1626 398 1683 quisque
408 1631 529 1684 acceperat,
541 1623 657 1669 decurrere
668 1623 695 1668 ad
706 1622 734 1667 li·

71 1695 116 1735 tus.
140 1687 175 1734 Hi
187 1678 281 1734 molium
289 1690 395 1750 objectus,
407 1688 429 1732 hi
440 1690 553 1748 proximas
565 1689 657 1748 scaphas
669 1702 734 1733 scan-

71 1753 141 1801 dere.
162 1753 207 1808 alii,
219 1760 327 1814 quantum
339 1767 419 1813 corpus
436 1753 528 1806 sinebat,
540 1754 636 1799 vadere¹
632 1768 654 1798 m
666 1767 735 1806 mare,

70 1819 163 1878 quidam
175 1833 256 1876 manus
265 1817 413 1877 protendere:
427 1818 549 1876 questibus,
561 1817 626 1870 votis,
638 1817 736 1862 clamore
789 1811 794 1817 ”

71 1883 162 1929 diversa
173 1882 326 1944 rogitantium,
338 1888 377 1927 aut
388 1882 472 1926 incerta
484 1881 671 1942 respondentium,
684 1896 734 1926 om·

71 1948 107 1994 uis
119 1962 159 1994 ora
170 1947 291 2007 compleri:
311 1945 402 1991 affluere
413 1945 494 2006 ingens
504 1946 624 1991 multitudo
636 1960 687 1990 cum
699 1945 734 1990 lu·

71 2013 176 2066 minibus,
196 2019 269 2072 atque,
281 2011 317 2056 ubi
328 2010 463 2056 incolumem
475 2024 524 2055 esse
535 2010 654 2070 pernotuit,
670 2017 696 2054 ut
707 2009 735 2055 ad

70 2077 214 2139 gratandum,
231 2090 280 2122 sese
290 2075 400 2137 expedire,
419 2075 490 2120 donec
506 2074 612 2134 adspectu
623 2075 701 2120 armati
712 2081 736 2121 et

71 2142 199 2187 minitantis
217 2141 314 2201 agminis
330 2139 416 2202 disjecti
436 2146 495 2184 sunt.
529 2138 639 2187 Anicetus
658 2139 734 2184 villam

72 2206 171 2252 statione
181 2205 309 2260 circumdat,
321 2202 463 2262 retractoque
469 2200 545 2266 janua,
562 2204 640 2249 obvios
656 2217 734 2249 servo-

71 2286 123 2317 rum
144 2270 227 2330 arripit,
245 2269 316 2316 donec
335 2269 364 2315 ad
382 2268 442 2314 fores
463 2268 557 2315 cubiculi
577 2269 678 2315 veniret.
698 2268 735 2314 cul

70 2351 137 2398 pauci
131 2336 272 2389 'adstalmnt
284 2335 371 2381 caeteris
382 2342 467 2378 terrore
479 2334 649 2394 irrumpentium
660 2338 735 2378 exter-

72 2401 129 2447 ritis.
163 2398 273 2448 Cubiculo
290 2399 401 2445 modicum
419 2398 495 2444 lumen
513 2399 590 2450 inerat,
610 2405 633 2442 et
644 2397 736 2444 ancilla·

72 2480 124 2512 rum
144 2480 204 2511 una·
224 2465 296 2526 magis
311 2479 337 2510 ac
354 2463 426 2524 magis
443 2464 509 2509 anxia
526 2463 657 2523 Agrippina,
676 2461 737 2521 qu'od

73 2545 143 2576 nano
162 2545 176 2575 ιι
193 2528 246 2584 illio,
264 2544 290 2575 ac
310 2543 338 2574 ne
350 2528 464 2589 Agerinus
482 2527 587 2587 quidem:
608 2526 671 2573 aliam
688 2526 736 2573 iere

69 2595 138 2640 litore
146 2593 226 2640 dictem
238 2609 305 2651 nunc,
319 2593 465 2642 solitudinem
484 2608 511 2642 ac
521 2592 655 2659 repentinos
664 2591 748 2653 strepi-

61 2665 100 2702 tus
111 2663 135 2704 et
145 2661 244 2709 extremi
251 2662 309 2713 mali
321 2663 416 2715 indicia.
453 2663 567 2714 Abeunte
576 2661 664 2712 delimo
673 2652 772 2741 cuibba
