<?xml version="1.0" encoding="UTF-8"?>
<!DOCTYPE html PUBLIC "-//W3C//DTD XHTML 1.0 Transitional//EN"
    "http://www.w3.org/TR/xhtml1/DTD/xhtml1-transitional.dtd">
<html xmlns="http://www.w3.org/1999/xhtml" xml:lang="en" lang="en">
 <head>
  <title>
</title>
<meta http-equiv="Content-Type" content="text/html;charset=utf-8" />
  <meta name='ocr-system' content='tesseract 3.04.00' />
  <meta name='ocr-capabilities' content='ocr_page ocr_carea ocr_par ocr_line ocrx_word'/>
</head>
<body>
  <div class='ocr_page' id='page_1' title='image "./ccorneliitaciti01obergoog_0221.png"; bbox 0 0 1680 3188; ppageno 0'>
   <div class='ocr_carea' id='block_1_1' title="bbox 132 346 707 401">
    <p class='ocr_par' dir='ltr' id='par_1_1' title="bbox 132 346 707 401">
     <span class='ocr_line' id='line_1_1' title="bbox 132 346 707 401; baseline 0 -1"><span class='ocrx_word' id='word_1_1' title='bbox 132 355 181 401; x_wconf 74' lang='lat'><strong>216</strong></span> <span class='ocrx_word' id='word_1_2' title='bbox 245 347 469 400; x_wconf 69' lang='lat' dir='ltr'><strong>alemeonn</strong></span> <span class='ocrx_word' id='word_1_3' title='bbox 479 346 573 397; x_wconf 80' lang='lat' dir='ltr'><strong>VITA.</strong></span> <span class='ocrx_word' id='word_1_4' title='bbox 594 346 707 400; x_wconf 69' lang='lat' dir='ltr'><strong>camo.</strong></span> 
     </span>
    </p>
   </div>
   <div class='ocr_carea' id='block_1_2' title="bbox 133 480 803 609">
    <p class='ocr_par' dir='ltr' id='par_1_2' title="bbox 133 480 803 609">
     <span class='ocr_line' id='line_1_2' title="bbox 133 480 801 545; baseline 0.004 -17"><span class='ocrx_word' id='word_1_5' title='bbox 133 482 205 545; x_wconf 80' lang='lat' dir='ltr'><strong>legas,</strong></span> <span class='ocrx_word' id='word_1_6' title='bbox 222 482 302 544; x_wconf 88' lang='lat' dir='ltr'><strong>procul</strong></span> <span class='ocrx_word' id='word_1_7' title='bbox 321 496 335 527; x_wconf 88' lang='lat' dir='ltr'><strong>a</strong></span> <span class='ocrx_word' id='word_1_8' title='bbox 350 480 496 528; x_wconf 79' lang='lat' dir='ltr'><strong>contentione</strong></span> <span class='ocrx_word' id='word_1_9' title='bbox 510 480 618 527; x_wconf 64' lang='lat' dir='ltr'><strong>adrasus</strong></span> <span class='ocrx_word' id='word_1_10' title='bbox 632 488 801 544; x_wconf 64' lang='lat' dir='ltr'><strong>procuratam</strong></span> 
     </span>
     <span class='ocr_line' id='line_1_3' title="bbox 133 546 803 609; baseline 0 -16"><span class='ocrx_word' id='word_1_11' title='bbox 133 554 159 593; x_wconf 86' lang='lat' dir='ltr'><strong>et</strong></span> <span class='ocrx_word' id='word_1_12' title='bbox 169 548 260 593; x_wconf 83' lang='lat' dir='ltr'><strong>vincere</strong></span> <span class='ocrx_word' id='word_1_13' title='bbox 271 546 400 609; x_wconf 84' lang='lat' dir='ltr'><strong>inglorium,</strong></span> <span class='ocrx_word' id='word_1_14' title='bbox 412 554 435 592; x_wconf 84' lang='lat' dir='ltr'><strong>et</strong></span> <span class='ocrx_word' id='word_1_15' title='bbox 446 547 511 592; x_wconf 85' lang='lat' dir='ltr'><strong>atteri</strong></span> <span class='ocrx_word' id='word_1_16' title='bbox 519 546 641 603; x_wconf 83' lang='lat' dir='ltr'><strong>sordidum,</strong></span> <span class='ocrx_word' id='word_1_17' title='bbox 649 546 803 595; x_wconf 73' lang='lat' dir='ltr'><strong>arbitrabatur.</strong></span> 
     </span>
    </p>
   </div>
   <div class='ocr_carea' id='block_1_3' title="bbox 121 608 838 2877">
    <p class='ocr_par' dir='ltr' id='par_1_3' title="bbox 132 608 802 1127">
     <span class='ocr_line' id='line_1_4' title="bbox 133 608 801 672; baseline 0 -13"><span class='ocrx_word' id='word_1_18' title='bbox 133 610 216 659; x_wconf 86' lang='lat' dir='ltr'><strong>Minus</strong></span> <span class='ocrx_word' id='word_1_19' title='bbox 227 612 347 658; x_wconf 84' lang='lat' dir='ltr'><strong>triennium</strong></span> <span class='ocrx_word' id='word_1_20' title='bbox 358 611 382 656; x_wconf 92' lang='lat' dir='ltr'><strong>in</strong></span> <span class='ocrx_word' id='word_1_21' title='bbox 393 608 421 657; x_wconf 79' lang='lat' dir='ltr'><strong>ed</strong></span> <span class='ocrx_word' id='word_1_22' title='bbox 434 610 546 672; x_wconf 74' lang='lat' dir='ltr'><strong>legatione</strong></span> <span class='ocrx_word' id='word_1_23' title='bbox 561 610 674 667; x_wconf 83' lang='lat' dir='ltr'><strong>detentus,</strong></span> <span class='ocrx_word' id='word_1_24' title='bbox 688 627 717 658; x_wconf 82' lang='lat' dir='ltr'><strong>ne</strong></span> <span class='ocrx_word' id='word_1_25' title='bbox 727 612 801 659; x_wconf 75' lang='lat' dir='ltr'><strong>mma</strong></span> 
     </span>
     <span class='ocr_line' id='line_1_5' title="bbox 134 676 801 739; baseline 0 -16"><span class='ocrx_word' id='word_1_26' title='bbox 134 676 163 723; x_wconf 80' lang='lat' dir='ltr'><strong>on</strong></span> <span class='ocrx_word' id='word_1_27' title='bbox 170 690 233 737; x_wconf 84' lang='lat' dir='ltr'><strong>spem</strong></span> <span class='ocrx_word' id='word_1_28' title='bbox 242 676 371 722; x_wconf 87' lang='lat' dir='ltr'><strong>consulatils</strong></span> <span class='ocrx_word' id='word_1_29' title='bbox 379 684 497 721; x_wconf 85' lang='lat' dir='ltr'><strong>revocatus</strong></span> <span class='ocrx_word' id='word_1_30' title='bbox 506 682 547 729; x_wconf 81' lang='lat' dir='ltr'><strong>ent,</strong></span> <span class='ocrx_word' id='word_1_31' title='bbox 559 676 682 723; x_wconf 82' lang='lat' dir='ltr'><strong>eomitante</strong></span> <span class='ocrx_word' id='word_1_32' title='bbox 690 676 801 739; x_wconf 73' lang='lat' dir='ltr'><strong>opinione,</strong></span> 
     </span>
     <span class='ocr_line' id='line_1_6' title="bbox 133 738 802 801; baseline 0.001 -13"><span class='ocrx_word' id='word_1_33' title='bbox 133 738 275 788; x_wconf 73' lang='lat' dir='ltr'><strong>Britanniam</strong></span> <span class='ocrx_word' id='word_1_34' title='bbox 294 741 315 785; x_wconf 88' lang='lat' dir='ltr'><strong>ei</strong></span> <span class='ocrx_word' id='word_1_35' title='bbox 331 740 469 801; x_wconf 84' lang='lat' dir='ltr'><strong>provinciam</strong></span> <span class='ocrx_word' id='word_1_36' title='bbox 486 738 547 795; x_wconf 83' lang='lat' dir='ltr'><strong>dari;</strong></span> <span class='ocrx_word' id='word_1_37' title='bbox 569 739 637 787; x_wconf 80' lang='lat' dir='ltr'><strong>nullia</strong></span> <span class='ocrx_word' id='word_1_38' title='bbox 652 741 678 787; x_wconf 86' lang='lat' dir='ltr'><strong>in</strong></span> <span class='ocrx_word' id='word_1_39' title='bbox 695 741 740 789; x_wconf 80' lang='lat' dir='ltr'><strong>linc</strong></span> <span class='ocrx_word' id='word_1_40' title='bbox 756 741 802 789; x_wconf 69' lang='lat' dir='ltr'><strong>nti!</strong></span> 
     </span>
     <span class='ocr_line' id='line_1_7' title="bbox 133 798 802 869; baseline 0.003 -18"><span class='ocrx_word' id='word_1_41' title='bbox 133 806 280 859; x_wconf 82' lang='lat' dir='ltr'><strong>sermonibus,</strong></span> <span class='ocrx_word' id='word_1_42' title='bbox 297 805 336 851; x_wconf 89' lang='lat' dir='ltr'><strong>sed</strong></span> <span class='ocrx_word' id='word_1_43' title='bbox 352 805 405 864; x_wconf 86' lang='lat' dir='ltr'><strong>quia</strong></span> <span class='ocrx_word' id='word_1_44' title='bbox 420 803 597 865; x_wconf 83' lang='lat' dir='ltr'><strong>pervidebatur.</strong></span> <span class='ocrx_word' id='word_1_45' title='bbox 630 798 704 853; x_wconf 74' lang='lat' dir='ltr'><strong>Haud</strong></span> <span class='ocrx_word' id='word_1_46' title='bbox 714 820 802 869; x_wconf 84' lang='lat' dir='ltr'><strong>semper</strong></span> 
     </span>
     <span class='ocr_line' id='line_1_8' title="bbox 133 864 802 933; baseline 0.001 -17"><span class='ocrx_word' id='word_1_47' title='bbox 133 879 194 917; x_wconf 88' lang='lat' dir='ltr'><strong>errat</strong></span> <span class='ocrx_word' id='word_1_48' title='bbox 211 869 285 925; x_wconf 82' lang='lat' dir='ltr'><strong>lama3</strong></span> <span class='ocrx_word' id='word_1_49' title='bbox 307 867 426 930; x_wconf 82' lang='lat' dir='ltr'><strong>aliquando</strong></span> <span class='ocrx_word' id='word_1_50' title='bbox 443 875 467 914; x_wconf 90' lang='lat' dir='ltr'><strong>et</strong></span> <span class='ocrx_word' id='word_1_51' title='bbox 484 868 561 929; x_wconf 83' lang='lat' dir='ltr'><strong>elegit.</strong></span> <span class='ocrx_word' id='word_1_52' title='bbox 594 864 685 917; x_wconf 84' lang='lat' dir='ltr'><strong>Consul</strong></span> <span class='ocrx_word' id='word_1_53' title='bbox 702 870 802 933; x_wconf 69' lang='lat' dir='ltr'><strong>egregio</strong></span> 
     </span>
     <span class='ocr_line' id='line_1_9' title="bbox 133 932 801 997; baseline -0.004 -15"><span class='ocrx_word' id='word_1_54' title='bbox 133 942 182 983; x_wconf 89' lang='lat' dir='ltr'><strong>tum</strong></span> <span class='ocrx_word' id='word_1_55' title='bbox 194 936 240 996; x_wconf 84' lang='lat' dir='ltr'><strong>spei</strong></span> <span class='ocrx_word' id='word_1_56' title='bbox 251 932 319 980; x_wconf 87' lang='lat' dir='ltr'><strong>liliam</strong></span> <span class='ocrx_word' id='word_1_57' title='bbox 327 934 406 995; x_wconf 83' lang='lat' dir='ltr'><strong>juveni</strong></span> <span class='ocrx_word' id='word_1_58' title='bbox 417 932 471 978; x_wconf 87' lang='lat' dir='ltr'><strong>mihi</strong></span> <span class='ocrx_word' id='word_1_59' title='bbox 482 932 607 994; x_wconf 74' lang='lat' dir='ltr'><strong>despondit,</strong></span> <span class='ocrx_word' id='word_1_60' title='bbox 618 948 645 979; x_wconf 85' lang='lat' dir='ltr'><strong>ac</strong></span> <span class='ocrx_word' id='word_1_61' title='bbox 655 942 709 997; x_wconf 80' lang='lat' dir='ltr'><strong>post</strong></span> <span class='ocrx_word' id='word_1_62' title='bbox 719 950 801 983; x_wconf 74' lang='lat' dir='ltr'><strong>conm-</strong></span> 
     </span>
     <span class='ocr_line' id='line_1_10' title="bbox 132 996 800 1062; baseline 0 -15"><span class='ocrx_word' id='word_1_63' title='bbox 132 1000 203 1047; x_wconf 88' lang='lat' dir='ltr'><strong>latum</strong></span> <span class='ocrx_word' id='word_1_64' title='bbox 214 999 346 1055; x_wconf 81' lang='lat' dir='ltr'><strong>collocarit3</strong></span> <span class='ocrx_word' id='word_1_65' title='bbox 361 1006 384 1045; x_wconf 89' lang='lat' dir='ltr'><strong>et</strong></span> <span class='ocrx_word' id='word_1_66' title='bbox 394 998 470 1045; x_wconf 88' lang='lat' dir='ltr'><strong>statim</strong></span> <span class='ocrx_word' id='word_1_67' title='bbox 480 996 607 1045; x_wconf 78' lang='lat' dir='ltr'><strong>Britanniae</strong></span> <span class='ocrx_word' id='word_1_68' title='bbox 616 999 754 1062; x_wconf 69' lang='lat' dir='ltr'><strong>prepositus</strong></span> <span class='ocrx_word' id='word_1_69' title='bbox 760 1006 800 1057; x_wconf 86' lang='lat' dir='ltr'><strong>est,</strong></span> 
     </span>
     <span class='ocr_line' id='line_1_11' title="bbox 133 1062 515 1127; baseline -0.01 -15"><span class='ocrx_word' id='word_1_70' title='bbox 133 1065 220 1127; x_wconf 80' lang='lat' dir='ltr'><strong>adjecto</strong></span> <span class='ocrx_word' id='word_1_71' title='bbox 231 1063 373 1125; x_wconf 86' lang='lat' dir='ltr'><strong>pontificatils</strong></span> <span class='ocrx_word' id='word_1_72' title='bbox 384 1062 515 1110; x_wconf 86' lang='lat' dir='ltr'><strong>sacerdotio.</strong></span> 
     </span>
    </p>

    <p class='ocr_par' dir='ltr' id='par_1_4' title="bbox 121 1127 838 2877">
     <span class='ocr_line' id='line_1_12' title="bbox 167 1127 800 1192; baseline 0.005 -17"><span class='ocrx_word' id='word_1_73' title='bbox 167 1128 199 1175; x_wconf 81' lang='lat' dir='ltr'><strong>X.</strong></span> <span class='ocrx_word' id='word_1_74' title='bbox 218 1128 343 1175; x_wconf 76' lang='lat' dir='ltr'><strong>Britanniae</strong></span> <span class='ocrx_word' id='word_1_75' title='bbox 354 1128 420 1175; x_wconf 82' lang='lat' dir='ltr'><strong>situm</strong></span> <span class='ocrx_word' id='word_1_76' title='bbox 431 1127 577 1190; x_wconf 88' lang='lat' dir='ltr'><strong>populosque,</strong></span> <span class='ocrx_word' id='word_1_77' title='bbox 593 1128 672 1177; x_wconf 82' lang='lat' dir='ltr'><strong>multis</strong></span> <span class='ocrx_word' id='word_1_78' title='bbox 686 1129 800 1192; x_wconf 84' lang='lat' dir='ltr'><strong>scriptori·</strong></span> 
     </span>
     <span class='ocr_line' id='line_1_13' title="bbox 133 1194 800 1259; baseline 0.003 -18"><span class='ocrx_word' id='word_1_79' title='bbox 133 1194 176 1242; x_wconf 87' lang='lat' dir='ltr'><strong>bus</strong></span> <span class='ocrx_word' id='word_1_80' title='bbox 183 1202 325 1248; x_wconf 88' lang='lat' dir='ltr'><strong>memoratos,</strong></span> <span class='ocrx_word' id='word_1_81' title='bbox 333 1208 379 1240; x_wconf 88' lang='lat' dir='ltr'><strong>non</strong></span> <span class='ocrx_word' id='word_1_82' title='bbox 387 1194 411 1239; x_wconf 89' lang='lat' dir='ltr'><strong>in</strong></span> <span class='ocrx_word' id='word_1_83' title='bbox 419 1194 607 1254; x_wconf 80' lang='lat' dir='ltr'><strong>comparationem</strong></span> <span class='ocrx_word' id='word_1_84' title='bbox 616 1208 679 1241; x_wconf 83' lang='lat' dir='ltr'><strong>curte</strong></span> <span class='ocrx_word' id='word_1_85' title='bbox 686 1194 800 1259; x_wconf 63' lang='grc' dir='ltr'><strong>ἰυςοιιίἱω</strong></span> 
     </span>
     <span class='ocr_line' id='line_1_14' title="bbox 134 1257 799 1320; baseline 0.002 -14"><span class='ocrx_word' id='word_1_86' title='bbox 134 1258 244 1317; x_wconf 66' lang='lat' dir='ltr'><strong>referam</strong></span> <span class='ocrx_word' id='word_1_87' title='bbox 261 1260 301 1306; x_wconf 89' lang='lat' dir='ltr'><strong>sed</strong></span> <span class='ocrx_word' id='word_1_88' title='bbox 311 1259 363 1319; x_wconf 87' lang='lat' dir='ltr'><strong>quia</strong></span> <span class='ocrx_word' id='word_1_89' title='bbox 374 1266 421 1304; x_wconf 93' lang='lat' dir='ltr'><strong>tum</strong></span> <span class='ocrx_word' id='word_1_90' title='bbox 433 1258 528 1319; x_wconf 91' lang='lat' dir='ltr'><strong>primum</strong></span> <span class='ocrx_word' id='word_1_91' title='bbox 539 1258 664 1320; x_wconf 87' lang='lat' dir='ltr'><strong>perdomita</strong></span> <span class='ocrx_word' id='word_1_92' title='bbox 676 1266 719 1306; x_wconf 85' lang='lat' dir='ltr'><strong>est.</strong></span> <span class='ocrx_word' id='word_1_93' title='bbox 752 1257 799 1307; x_wconf 83' lang='lat' dir='ltr'><strong>Ita·</strong></span> 
     </span>
     <span class='ocr_line' id='line_1_15' title="bbox 133 1322 800 1387; baseline 0.003 -17"><span class='ocrx_word' id='word_1_94' title='bbox 133 1339 184 1385; x_wconf 88' lang='lat' dir='ltr'><strong>que,</strong></span> <span class='ocrx_word' id='word_1_95' title='bbox 200 1340 252 1384; x_wconf 79' lang='lat' dir='ltr'><strong>quas</strong></span> <span class='ocrx_word' id='word_1_96' title='bbox 261 1325 353 1386; x_wconf 88' lang='lat' dir='ltr'><strong>priores,</strong></span> <span class='ocrx_word' id='word_1_97' title='bbox 367 1323 466 1370; x_wconf 89' lang='lat' dir='ltr'><strong>nondum</strong></span> <span class='ocrx_word' id='word_1_98' title='bbox 478 1333 598 1385; x_wconf 85' lang='lat' dir='ltr'><strong>comperta,</strong></span> <span class='ocrx_word' id='word_1_99' title='bbox 610 1322 741 1385; x_wconf 75' lang='lat' dir='ltr'><strong>eloquentid</strong></span> <span class='ocrx_word' id='word_1_100' title='bbox 749 1340 800 1387; x_wconf 68' lang='lat' dir='ltr'><strong>pm·</strong></span> 
     </span>
     <span class='ocr_line' id='line_1_16' title="bbox 133 1385 799 1445; baseline 0.003 -10"><span class='ocrx_word' id='word_1_101' title='bbox 133 1386 230 1444; x_wconf 74' lang='lat' dir='ltr'><strong>coludre,</strong></span> <span class='ocrx_word' id='word_1_102' title='bbox 241 1404 315 1436; x_wconf 90' lang='lat' dir='ltr'><strong>rerum</strong></span> <span class='ocrx_word' id='word_1_103' title='bbox 327 1387 371 1435; x_wconf 86' lang='lat' dir='ltr'><strong>fide</strong></span> <span class='ocrx_word' id='word_1_104' title='bbox 381 1389 503 1435; x_wconf 87' lang='lat' dir='ltr'><strong>tradentur.</strong></span> <span class='ocrx_word' id='word_1_105' title='bbox 533 1385 658 1441; x_wconf 85' lang='lat' dir='ltr'><strong>Britannia,</strong></span> <span class='ocrx_word' id='word_1_106' title='bbox 669 1390 799 1445; x_wconf 76' lang='lat' dir='ltr'><strong>tumtunm,</strong></span> 
     </span>
     <span class='ocr_line' id='line_1_17' title="bbox 133 1453 838 1517; baseline 0.006 -18"><span class='ocrx_word' id='word_1_107' title='bbox 133 1469 188 1514; x_wconf 84' lang='lat' dir='ltr'><strong>ques</strong></span> <span class='ocrx_word' id='word_1_108' title='bbox 199 1454 304 1501; x_wconf 85' lang='lat' dir='ltr'><strong>Romana</strong></span> <span class='ocrx_word' id='word_1_109' title='bbox 314 1454 394 1500; x_wconf 86' lang='lat' dir='ltr'><strong>notitia</strong></span> <span class='ocrx_word' id='word_1_110' title='bbox 403 1453 565 1514; x_wconf 81' lang='lat' dir='ltr'><strong>complectitur,</strong></span> <span class='ocrx_word' id='word_1_111' title='bbox 576 1455 682 1508; x_wconf 81' lang='lat' dir='ltr'><strong>maxima,</strong></span> <span class='ocrx_word' id='word_1_112' title='bbox 694 1455 801 1517; x_wconf 79' lang='lat' dir='ltr'><strong>spatiose</strong></span> <span class='ocrx_word' id='word_1_113' title='bbox 834 1496 838 1503; x_wconf 95' lang='lat'><em>.</em></span> 
     </span>
     <span class='ocr_line' id='line_1_18' title="bbox 134 1517 799 1582; baseline 0.002 -17"><span class='ocrx_word' id='word_1_114' title='bbox 134 1519 193 1565; x_wconf 88' lang='lat' dir='ltr'><strong>coelo</strong></span> <span class='ocrx_word' id='word_1_115' title='bbox 203 1520 227 1565; x_wconf 92' lang='lat' dir='ltr'><strong>in</strong></span> <span class='ocrx_word' id='word_1_116' title='bbox 239 1519 355 1565; x_wconf 85' lang='lat' dir='ltr'><strong>Orientem</strong></span> <span class='ocrx_word' id='word_1_117' title='bbox 368 1519 503 1573; x_wconf 72' lang='lat' dir='ltr'><strong>Germaniae,</strong></span> <span class='ocrx_word' id='word_1_118' title='bbox 518 1518 542 1563; x_wconf 92' lang='lat' dir='ltr'><strong>in</strong></span> <span class='ocrx_word' id='word_1_119' title='bbox 553 1517 701 1565; x_wconf 87' lang='lat' dir='ltr'><strong>Occidentem</strong></span> <span class='ocrx_word' id='word_1_120' title='bbox 714 1518 799 1582; x_wconf 82' lang='lat' dir='ltr'><strong>Hispa·</strong></span> 
     </span>
     <span class='ocr_line' id='line_1_19' title="bbox 134 1582 797 1647; baseline 0.003 -18"><span class='ocrx_word' id='word_1_121' title='bbox 134 1585 179 1630; x_wconf 82' lang='lat' dir='ltr'><strong>niae</strong></span> <span class='ocrx_word' id='word_1_122' title='bbox 190 1584 328 1631; x_wconf 82' lang='lat' dir='ltr'><strong>obtenditur:</strong></span> <span class='ocrx_word' id='word_1_123' title='bbox 346 1583 419 1631; x_wconf 86' lang='lat' dir='ltr'><strong>Gallis</strong></span> <span class='ocrx_word' id='word_1_124' title='bbox 430 1583 452 1629; x_wconf 92' lang='lat' dir='ltr'><strong>in</strong></span> <span class='ocrx_word' id='word_1_125' title='bbox 465 1582 585 1629; x_wconf 86' lang='lat' dir='ltr'><strong>Meridiem</strong></span> <span class='ocrx_word' id='word_1_126' title='bbox 593 1584 661 1629; x_wconf 85' lang='lat' dir='ltr'><strong>etiam</strong></span> <span class='ocrx_word' id='word_1_127' title='bbox 669 1584 797 1647; x_wconf 83' lang='lat' dir='ltr'><strong>inspiciturt</strong></span> 
     </span>
     <span class='ocr_line' id='line_1_20' title="bbox 135 1648 799 1711; baseline 0.002 -16"><span class='ocrx_word' id='word_1_128' title='bbox 135 1648 329 1710; x_wconf 78' lang='lat' dir='ltr'><strong>septemtrionalia</strong></span> <span class='ocrx_word' id='word_1_129' title='bbox 339 1649 393 1710; x_wconf 87' lang='lat' dir='ltr'><strong>ejus,</strong></span> <span class='ocrx_word' id='word_1_130' title='bbox 405 1648 472 1695; x_wconf 84' lang='lat' dir='ltr'><strong>nullis</strong></span> <span class='ocrx_word' id='word_1_131' title='bbox 483 1657 561 1694; x_wconf 86' lang='lat' dir='ltr'><strong>contre</strong></span> <span class='ocrx_word' id='word_1_132' title='bbox 571 1649 643 1704; x_wconf 86' lang='lat' dir='ltr'><strong>terris,</strong></span> <span class='ocrx_word' id='word_1_133' title='bbox 655 1658 722 1695; x_wconf 84' lang='lat' dir='ltr'><strong>vasto</strong></span> <span class='ocrx_word' id='word_1_134' title='bbox 732 1656 799 1711; x_wconf 78' lang='lat' dir='ltr'><strong>atque</strong></span> 
     </span>
     <span class='ocr_line' id='line_1_21' title="bbox 133 1711 799 1775; baseline 0.005 -16"><span class='ocrx_word' id='word_1_135' title='bbox 133 1720 211 1774; x_wconf 87' lang='lat' dir='ltr'><strong>aperto</strong></span> <span class='ocrx_word' id='word_1_136' title='bbox 229 1715 285 1759; x_wconf 88' lang='lat' dir='ltr'><strong>mari</strong></span> <span class='ocrx_word' id='word_1_137' title='bbox 303 1713 426 1775; x_wconf 88' lang='lat' dir='ltr'><strong>pulsantur.</strong></span> <span class='ocrx_word' id='word_1_138' title='bbox 459 1711 565 1759; x_wconf 86' lang='lat' dir='ltr'><strong>Formam</strong></span> <span class='ocrx_word' id='word_1_139' title='bbox 583 1713 654 1759; x_wconf 85' lang='lat' dir='ltr'><strong>totius</strong></span> <span class='ocrx_word' id='word_1_140' title='bbox 673 1711 799 1761; x_wconf 67' lang='lat' dir='ltr'><strong>Britannia</strong></span> 
     </span>
     <span class='ocr_line' id='line_1_22' title="bbox 134 1758 799 1839; baseline 0.005 -15"><span class='ocrx_word' id='word_1_141' title='bbox 134 1776 215 1824; x_wconf 85' lang='lat' dir='ltr'><strong>Livius</strong></span> <span class='ocrx_word' id='word_1_142' title='bbox 225 1785 336 1834; x_wconf 86' lang='lat' dir='ltr'><strong>veterum,</strong></span> <span class='ocrx_word' id='word_1_143' title='bbox 348 1776 431 1824; x_wconf 85' lang='lat' dir='ltr'><strong>Fabius</strong></span> <span class='ocrx_word' id='word_1_144' title='bbox 442 1758 550 1823; x_wconf 76' lang='lat' dir='ltr'><strong>llusticns</strong></span> <span class='ocrx_word' id='word_1_145' title='bbox 558 1777 683 1823; x_wconf 88' lang='lat' dir='ltr'><strong>recentium</strong></span> <span class='ocrx_word' id='word_1_146' title='bbox 691 1778 799 1839; x_wconf 81' lang='lat' dir='ltr'><strong>eloquen-</strong></span> 
     </span>
     <span class='ocr_line' id='line_1_23' title="bbox 133 1842 799 1905; baseline 0.005 -17"><span class='ocrx_word' id='word_1_147' title='bbox 133 1843 214 1889; x_wconf 79' lang='lat' dir='ltr'><strong>tissimi</strong></span> <span class='ocrx_word' id='word_1_148' title='bbox 231 1849 341 1900; x_wconf 81' lang='lat' dir='ltr'><strong>auctores,</strong></span> <span class='ocrx_word' id='word_1_149' title='bbox 357 1843 462 1904; x_wconf 81' lang='lat' dir='ltr'><strong>oblongae</strong></span> <span class='ocrx_word' id='word_1_150' title='bbox 477 1842 571 1888; x_wconf 73' lang='lat' dir='ltr'><strong>scutulae</strong></span> <span class='ocrx_word' id='word_1_151' title='bbox 587 1842 624 1888; x_wconf 83' lang='lat' dir='ltr'><strong>vel</strong></span> <span class='ocrx_word' id='word_1_152' title='bbox 637 1843 729 1905; x_wconf 76' lang='lat' dir='ltr'><strong>bipcnm</strong></span> <span class='ocrx_word' id='word_1_153' title='bbox 743 1844 799 1891; x_wconf 76' lang='lat' dir='ltr'><strong>mi·</strong></span> 
     </span>
     <span class='ocr_line' id='line_1_24' title="bbox 134 1904 801 1962; baseline 0.006 -9"><span class='ocrx_word' id='word_1_154' title='bbox 134 1904 260 1954; x_wconf 71' lang='lat' dir='ltr'><strong>mulnvdre:</strong></span> <span class='ocrx_word' id='word_1_155' title='bbox 277 1915 302 1953; x_wconf 88' lang='lat' dir='ltr'><strong>et</strong></span> <span class='ocrx_word' id='word_1_156' title='bbox 311 1914 346 1954; x_wconf 89' lang='lat' dir='ltr'><strong>est</strong></span> <span class='ocrx_word' id='word_1_157' title='bbox 357 1923 383 1954; x_wconf 86' lang='lat' dir='ltr'><strong>ea</strong></span> <span class='ocrx_word' id='word_1_158' title='bbox 392 1906 462 1953; x_wconf 83' lang='lat' dir='ltr'><strong>facies</strong></span> <span class='ocrx_word' id='word_1_159' title='bbox 472 1907 528 1952; x_wconf 88' lang='lat' dir='ltr'><strong>citra</strong></span> <span class='ocrx_word' id='word_1_160' title='bbox 539 1904 693 1962; x_wconf 74' lang='lat' dir='ltr'><strong>Caledoniam,</strong></span> <span class='ocrx_word' id='word_1_161' title='bbox 706 1908 767 1955; x_wconf 88' lang='lat' dir='ltr'><strong>unde</strong></span> <span class='ocrx_word' id='word_1_162' title='bbox 776 1914 801 1957; x_wconf 81' lang='lat' dir='ltr'><strong>et</strong></span> 
     </span>
     <span class='ocr_line' id='line_1_25' title="bbox 133 1972 799 2032; baseline 0.005 -14"><span class='ocrx_word' id='word_1_163' title='bbox 133 1973 157 2018; x_wconf 85' lang='lat' dir='ltr'><strong>iu</strong></span> <span class='ocrx_word' id='word_1_164' title='bbox 169 1974 296 2019; x_wconf 87' lang='lat' dir='ltr'><strong>universum</strong></span> <span class='ocrx_word' id='word_1_165' title='bbox 311 1972 372 2019; x_wconf 85' lang='lat' dir='ltr'><strong>fama</strong></span> <span class='ocrx_word' id='word_1_166' title='bbox 386 1980 422 2018; x_wconf 88' lang='lat' dir='ltr'><strong>est</strong></span> <span class='ocrx_word' id='word_1_167' title='bbox 435 1981 587 2032; x_wconf 83' lang='lat' dir='ltr'><strong>transgressa:</strong></span> <span class='ocrx_word' id='word_1_168' title='bbox 608 1973 649 2018; x_wconf 87' lang='lat' dir='ltr'><strong>sed</strong></span> <span class='ocrx_word' id='word_1_169' title='bbox 663 1973 799 2021; x_wconf 82' lang='lat' dir='ltr'><strong>immensum</strong></span> 
     </span>
     <span class='ocr_line' id='line_1_26' title="bbox 134 2037 798 2100; baseline 0.005 -18"><span class='ocrx_word' id='word_1_170' title='bbox 134 2044 158 2087; x_wconf 85' lang='lat' dir='ltr'><strong>et</strong></span> <span class='ocrx_word' id='word_1_171' title='bbox 168 2052 260 2083; x_wconf 80' lang='lat' dir='ltr'><strong>enomte</strong></span> <span class='ocrx_word' id='word_1_172' title='bbox 270 2038 366 2098; x_wconf 81' lang='lat' dir='ltr'><strong>spatium</strong></span> <span class='ocrx_word' id='word_1_173' title='bbox 377 2037 554 2099; x_wconf 83' lang='lat' dir='ltr'><strong>procurrentium</strong></span> <span class='ocrx_word' id='word_1_174' title='bbox 565 2038 723 2100; x_wconf 86' lang='lat' dir='ltr'><strong>extremojam</strong></span> <span class='ocrx_word' id='word_1_175' title='bbox 735 2038 798 2085; x_wconf 89' lang='lat' dir='ltr'><strong>litore</strong></span> 
     </span>
     <span class='ocr_line' id='line_1_27' title="bbox 133 2101 794 2155; baseline 0 -5"><span class='ocrx_word' id='word_1_176' title='bbox 133 2108 249 2155; x_wconf 77' lang='lat' dir='ltr'><strong>terrarum,</strong></span> <span class='ocrx_word' id='word_1_177' title='bbox 266 2102 329 2148; x_wconf 88' lang='lat' dir='ltr'><strong>velut</strong></span> <span class='ocrx_word' id='word_1_178' title='bbox 345 2103 368 2147; x_wconf 89' lang='lat' dir='ltr'><strong>iu</strong></span> <span class='ocrx_word' id='word_1_179' title='bbox 384 2116 487 2154; x_wconf 88' lang='lat' dir='ltr'><strong>cuneum,</strong></span> <span class='ocrx_word' id='word_1_180' title='bbox 507 2107 617 2148; x_wconf 86' lang='lat' dir='ltr'><strong>tenuatur.</strong></span> <span class='ocrx_word' id='word_1_181' title='bbox 650 2101 721 2149; x_wconf 86' lang='lat' dir='ltr'><strong>Hane</strong></span> <span class='ocrx_word' id='word_1_182' title='bbox 737 2118 794 2149; x_wconf 83' lang='lat' dir='ltr'><strong>oran</strong></span> 
     </span>
     <span class='ocr_line' id='line_1_28' title="bbox 133 2165 786 2227; baseline 0.003 -15"><span class='ocrx_word' id='word_1_183' title='bbox 133 2167 249 2213; x_wconf 87' lang='lat' dir='ltr'><strong>novissimi</strong></span> <span class='ocrx_word' id='word_1_184' title='bbox 260 2167 328 2213; x_wconf 88' lang='lat' dir='ltr'><strong>maris</strong></span> <span class='ocrx_word' id='word_1_185' title='bbox 338 2174 392 2212; x_wconf 90' lang='lat' dir='ltr'><strong>tunc</strong></span> <span class='ocrx_word' id='word_1_186' title='bbox 400 2166 496 2227; x_wconf 90' lang='lat' dir='ltr'><strong>primum</strong></span> <span class='ocrx_word' id='word_1_187' title='bbox 505 2165 610 2212; x_wconf 85' lang='lat' dir='ltr'><strong>Romana</strong></span> <span class='ocrx_word' id='word_1_188' title='bbox 617 2165 694 2213; x_wconf 85' lang='lat' dir='ltr'><strong>classis</strong></span> <span class='ocrx_word' id='word_1_189' title='bbox 702 2168 786 2214; x_wconf 89' lang='lat' dir='ltr'><strong>circum</strong></span> 
     </span>
     <span class='ocr_line' id='line_1_29' title="bbox 132 2229 783 2287; baseline 0 -9"><span class='ocrx_word' id='word_1_190' title='bbox 132 2240 205 2284; x_wconf 83' lang='lat' dir='ltr'><strong>vecta.</strong></span> <span class='ocrx_word' id='word_1_191' title='bbox 221 2232 315 2279; x_wconf 86' lang='lat' dir='ltr'><strong>insulam</strong></span> <span class='ocrx_word' id='word_1_192' title='bbox 330 2247 380 2278; x_wconf 85' lang='lat' dir='ltr'><strong>esse</strong></span> <span class='ocrx_word' id='word_1_193' title='bbox 393 2229 533 2277; x_wconf 84' lang='lat' dir='ltr'><strong>Britanniam</strong></span> <span class='ocrx_word' id='word_1_194' title='bbox 543 2231 677 2287; x_wconf 82' lang='lat' dir='ltr'><strong>affirmavit3</strong></span> <span class='ocrx_word' id='word_1_195' title='bbox 694 2247 722 2278; x_wconf 85' lang='lat' dir='ltr'><strong>ac</strong></span> <span class='ocrx_word' id='word_1_196' title='bbox 733 2233 783 2278; x_wconf 82' lang='lat' dir='ltr'><strong>sitm</strong></span> 
     </span>
     <span class='ocr_line' id='line_1_30' title="bbox 132 2295 778 2357; baseline 0.003 -15"><span class='ocrx_word' id='word_1_197' title='bbox 132 2296 260 2357; x_wconf 82' lang='lat' dir='ltr'><strong>incognitas</strong></span> <span class='ocrx_word' id='word_1_198' title='bbox 270 2295 298 2343; x_wconf 88' lang='lat' dir='ltr'><strong>ad</strong></span> <span class='ocrx_word' id='word_1_199' title='bbox 309 2298 331 2343; x_wconf 94' lang='lat' dir='ltr'><strong>id</strong></span> <span class='ocrx_word' id='word_1_200' title='bbox 342 2304 430 2357; x_wconf 91' lang='lat' dir='ltr'><strong>tempus</strong></span> <span class='ocrx_word' id='word_1_201' title='bbox 438 2295 528 2349; x_wconf 85' lang='lat' dir='ltr'><strong>insulas,</strong></span> <span class='ocrx_word' id='word_1_202' title='bbox 539 2310 594 2356; x_wconf 87' lang='lat' dir='ltr'><strong>quas</strong></span> <span class='ocrx_word' id='word_1_203' title='bbox 603 2295 703 2342; x_wconf 87' lang='lat' dir='ltr'><strong>Orcadas</strong></span> <span class='ocrx_word' id='word_1_204' title='bbox 712 2311 778 2344; x_wconf 78' lang='lat' dir='ltr'><strong>vocar</strong></span> 
     </span>
     <span class='ocr_line' id='line_1_31' title="bbox 131 2358 773 2422; baseline 0.003 -16"><span class='ocrx_word' id='word_1_205' title='bbox 131 2360 219 2407; x_wconf 86' lang='lat' dir='ltr'><strong>invenit</strong></span> <span class='ocrx_word' id='word_1_206' title='bbox 229 2362 366 2421; x_wconf 85' lang='lat' dir='ltr'><strong>domuitque.</strong></span> <span class='ocrx_word' id='word_1_207' title='bbox 399 2359 508 2422; x_wconf 87' lang='lat' dir='ltr'><strong>Dispecta</strong></span> <span class='ocrx_word' id='word_1_208' title='bbox 521 2370 556 2406; x_wconf 86' lang='lat' dir='ltr'><strong>est</strong></span> <span class='ocrx_word' id='word_1_209' title='bbox 570 2367 594 2406; x_wconf 90' lang='lat' dir='ltr'><strong>et</strong></span> <span class='ocrx_word' id='word_1_210' title='bbox 606 2358 681 2407; x_wconf 80' lang='lat' dir='ltr'><strong>Thule</strong></span> <span class='ocrx_word' id='word_1_211' title='bbox 691 2361 773 2422; x_wconf 74' lang='lat' dir='ltr'><strong>quida!</strong></span> 
     </span>
     <span class='ocr_line' id='line_1_32' title="bbox 133 2425 765 2487; baseline -0.003 -15"><span class='ocrx_word' id='word_1_212' title='bbox 133 2432 213 2472; x_wconf 83' lang='lat' dir='ltr'><strong>tenus:</strong></span> <span class='ocrx_word' id='word_1_213' title='bbox 233 2428 272 2472; x_wconf 89' lang='lat' dir='ltr'><strong>uix</strong></span> <span class='ocrx_word' id='word_1_214' title='bbox 283 2434 306 2473; x_wconf 88' lang='lat' dir='ltr'><strong>et</strong></span> <span class='ocrx_word' id='word_1_215' title='bbox 317 2427 388 2472; x_wconf 87' lang='lat' dir='ltr'><strong>hiems</strong></span> <span class='ocrx_word' id='word_1_216' title='bbox 399 2426 528 2487; x_wconf 60' lang='lat' dir='ltr'><strong>appetebam</strong></span> <span class='ocrx_word' id='word_1_217' title='bbox 545 2425 584 2471; x_wconf 89' lang='lat' dir='ltr'><strong>sed</strong></span> <span class='ocrx_word' id='word_1_218' title='bbox 595 2440 656 2471; x_wconf 88' lang='lat' dir='ltr'><strong>mare</strong></span> <span class='ocrx_word' id='word_1_219' title='bbox 666 2427 765 2487; x_wconf 84' lang='lat' dir='ltr'><strong>pigrum,</strong></span> 
     </span>
     <span class='ocr_line' id='line_1_33' title="bbox 132 2491 762 2554; baseline 0.003 -19"><span class='ocrx_word' id='word_1_220' title='bbox 132 2506 202 2552; x_wconf 80' lang='lat' dir='ltr'><strong>grave</strong></span> <span class='ocrx_word' id='word_1_221' title='bbox 209 2491 376 2554; x_wconf 81' lang='lat' dir='ltr'><strong>remigantibus,</strong></span> <span class='ocrx_word' id='word_1_222' title='bbox 388 2491 510 2551; x_wconf 88' lang='lat' dir='ltr'><strong>perhibent,</strong></span> <span class='ocrx_word' id='word_1_223' title='bbox 523 2504 552 2535; x_wconf 90' lang='lat' dir='ltr'><strong>ne</strong></span> <span class='ocrx_word' id='word_1_224' title='bbox 560 2491 634 2536; x_wconf 89' lang='lat' dir='ltr'><strong>ventis</strong></span> <span class='ocrx_word' id='word_1_225' title='bbox 645 2491 736 2550; x_wconf 89' lang='lat' dir='ltr'><strong>quidem</strong></span> <span class='ocrx_word' id='word_1_226' title='bbox 747 2507 762 2553; x_wconf 95' lang='lat' dir='ltr'><strong>p</strong></span> 
     </span>
     <span class='ocr_line' id='line_1_34' title="bbox 131 2556 758 2615; baseline 0.002 -14"><span class='ocrx_word' id='word_1_227' title='bbox 131 2556 185 2601; x_wconf 92' lang='lat' dir='ltr'><strong>inde</strong></span> <span class='ocrx_word' id='word_1_228' title='bbox 196 2556 283 2603; x_wconf 82' lang='lat' dir='ltr'><strong>attolli:</strong></span> <span class='ocrx_word' id='word_1_229' title='bbox 305 2557 378 2609; x_wconf 81' lang='lat' dir='ltr'><strong>credo,</strong></span> <span class='ocrx_word' id='word_1_230' title='bbox 394 2556 455 2615; x_wconf 90' lang='lat' dir='ltr'><strong>quod</strong></span> <span class='ocrx_word' id='word_1_231' title='bbox 472 2556 566 2601; x_wconf 85' lang='lat' dir='ltr'><strong>rariores</strong></span> <span class='ocrx_word' id='word_1_232' title='bbox 579 2557 646 2601; x_wconf 83' lang='lat' dir='ltr'><strong>ter&#39;rae</strong></span> <span class='ocrx_word' id='word_1_233' title='bbox 657 2563 758 2602; x_wconf 73' lang='lat' dir='ltr'><strong>montena</strong></span> 
     </span>
     <span class='ocr_line' id='line_1_35' title="bbox 132 2619 751 2681; baseline 0.002 -15"><span class='ocrx_word' id='word_1_234' title='bbox 132 2635 199 2667; x_wconf 83' lang='lat' dir='ltr'><strong>causa</strong></span> <span class='ocrx_word' id='word_1_235' title='bbox 218 2636 243 2666; x_wconf 87' lang='lat' dir='ltr'><strong>ac</strong></span> <span class='ocrx_word' id='word_1_236' title='bbox 263 2622 357 2667; x_wconf 84' lang='lat' dir='ltr'><strong>materia</strong></span> <span class='ocrx_word' id='word_1_237' title='bbox 375 2627 539 2681; x_wconf 85' lang='lat' dir='ltr'><strong>tempestatum,</strong></span> <span class='ocrx_word' id='word_1_238' title='bbox 558 2630 582 2665; x_wconf 91' lang='lat' dir='ltr'><strong>et</strong></span> <span class='ocrx_word' id='word_1_239' title='bbox 599 2619 711 2680; x_wconf 85' lang='lat' dir='ltr'><strong>profunda</strong></span> <span class='ocrx_word' id='word_1_240' title='bbox 728 2636 751 2667; x_wconf 91' lang='lat' dir='ltr'><strong>m</strong></span> 
     </span>
     <span class='ocr_line' id='line_1_36' title="bbox 132 2683 747 2746; baseline 0.007 -17"><span class='ocrx_word' id='word_1_241' title='bbox 132 2685 233 2730; x_wconf 87' lang='lat' dir='ltr'><strong>continui</strong></span> <span class='ocrx_word' id='word_1_242' title='bbox 248 2687 316 2731; x_wconf 88' lang='lat' dir='ltr'><strong>maris</strong></span> <span class='ocrx_word' id='word_1_243' title='bbox 330 2686 415 2731; x_wconf 86' lang='lat' dir='ltr'><strong>tardius</strong></span> <span class='ocrx_word' id='word_1_244' title='bbox 429 2685 556 2746; x_wconf 88' lang='lat' dir='ltr'><strong>impellitur.</strong></span> <span class='ocrx_word' id='word_1_245' title='bbox 587 2683 700 2731; x_wconf 81' lang='lat' dir='ltr'><strong>Naturam</strong></span> <span class='ocrx_word' id='word_1_246' title='bbox 712 2684 747 2733; x_wconf 87' lang='lat' dir='ltr'><strong>Oc</strong></span> 
     </span>
     <span class='ocr_line' id='line_1_37' title="bbox 131 2749 742 2812; baseline 0.002 -18"><span class='ocrx_word' id='word_1_247' title='bbox 131 2756 199 2808; x_wconf 85' lang='lat' dir='ltr'><strong>utque</strong></span> <span class='ocrx_word' id='word_1_248' title='bbox 209 2749 278 2796; x_wconf 81' lang='lat' dir='ltr'><strong>aestils</strong></span> <span class='ocrx_word' id='word_1_249' title='bbox 290 2765 362 2811; x_wconf 84' lang='lat' dir='ltr'><strong>neque</strong></span> <span class='ocrx_word' id='word_1_250' title='bbox 373 2764 473 2810; x_wconf 74' lang='lat' dir='ltr'><strong>quaerere</strong></span> <span class='ocrx_word' id='word_1_251' title='bbox 484 2750 549 2812; x_wconf 90' lang='lat' dir='ltr'><strong>hujus</strong></span> <span class='ocrx_word' id='word_1_252' title='bbox 560 2750 633 2811; x_wconf 86' lang='lat' dir='ltr'><strong>operis</strong></span> <span class='ocrx_word' id='word_1_253' title='bbox 644 2757 685 2804; x_wconf 81' lang='lat' dir='ltr'><strong>est,</strong></span> <span class='ocrx_word' id='word_1_254' title='bbox 697 2764 742 2797; x_wconf 83' lang='lat' dir='ltr'><strong>acr</strong></span> 
     </span>
     <span class='ocr_line' id='line_1_38' title="bbox 121 2812 737 2877; baseline 0.006 -20"><span class='ocrx_word' id='word_1_255' title='bbox 121 2812 233 2863; x_wconf 57' lang='lat' dir='ltr'><strong>retulim:</strong></span> <span class='ocrx_word' id='word_1_256' title='bbox 256 2832 327 2864; x_wconf 91' lang='lat' dir='ltr'><strong>unum</strong></span> <span class='ocrx_word' id='word_1_257' title='bbox 339 2815 473 2865; x_wconf 83' lang='lat' dir='ltr'><strong>addiderim:</strong></span> <span class='ocrx_word' id='word_1_258' title='bbox 492 2829 603 2877; x_wconf 75' lang='lat' dir='ltr'><strong>nusquam</strong></span> <span class='ocrx_word' id='word_1_259' title='bbox 611 2814 677 2861; x_wconf 84' lang='lat' dir='ltr'><strong>latius</strong></span> <span class='ocrx_word' id='word_1_260' title='bbox 688 2814 737 2862; x_wconf 88' lang='lat' dir='ltr'><strong>don</strong></span> 
     </span>
    </p>
   </div>
   <div class='ocr_carea' id='block_1_4' title="bbox 109 2878 732 2947">
    <p class='ocr_par' dir='ltr' id='par_1_5' title="bbox 109 2878 732 2947">
     <span class='ocr_line' id='line_1_39' title="bbox 109 2878 732 2947; baseline -0.021 -8"><span class='ocrx_word' id='word_1_261' title='bbox 109 2892 184 2940; x_wconf 51' lang='lat'><em>¹¹³³&amp;</em></span> <span class='ocrx_word' id='word_1_262' title='bbox 199 2884 306 2937; x_wconf 78' lang='lat' dir='ltr'><strong>multum</strong></span> <span class='ocrx_word' id='word_1_263' title='bbox 325 2885 452 2937; x_wconf 85' lang='lat' dir='ltr'><strong>fluminum</strong></span> <span class='ocrx_word' id='word_1_264' title='bbox 466 2884 516 2934; x_wconf 75' lang='lat' dir='ltr'><strong>ioue</strong></span> <span class='ocrx_word' id='word_1_265' title='bbox 532 2892 602 2947; x_wconf 76' lang='lat' dir='ltr'><strong>atque</strong></span> <span class='ocrx_word' id='word_1_266' title='bbox 612 2879 669 2929; x_wconf 78' lang='lat' dir='ltr'><strong>iluc</strong></span> <span class='ocrx_word' id='word_1_267' title='bbox 682 2878 732 2927; x_wconf 78' lang='lat' dir='ltr'><strong>lem</strong></span> 
     </span>
    </p>
   </div>
   <div class='ocr_carea' id='block_1_5' title="bbox 0 0 844 3188">
    <p class='ocr_par' dir='ltr' id='par_1_6' title="bbox 0 0 844 3188">
     <span class='ocr_line' id='line_1_40' title="bbox 0 0 844 3188; baseline 0 0"><span class='ocrx_word' id='word_1_268' title='bbox 0 0 844 3188; x_wconf 95' lang='lat' dir='ltr'><strong> </strong></span> 
     </span>
    </p>
   </div>
  </div>
 </body>
</html>
