1680 3188
87 443 135 488 186
265 434 462 487 annulata.
481 433 542 488 Car.
552 441 575 485 4.

87 567 150 617 terrd
168 567 260 624 editum,
280 568 391 615 etlilium
411 568 535 626 Mannum,
553 567 666 630 angina
686 569 762 633 gentis

87 635 266 694 conditoresque.
300 633 389 680 Manno
405 643 451 680 tres
464 633 523 680 filios
537 634 663 696 assignant,
679 649 693 681 e
705 650 761 696 quo·

87 715 140 747 rum
159 699 286 745 nomiadrus
304 700 400 760 proximi
419 698 512 746 Oceano
529 696 677 760 Ingaevonea,
694 699 761 747 medii

90 764 238 817 Hermiones,
261 765 337 810 caeteri
357 762 484 810 Istaevones
506 771 623 810 vocentur.
663 763 762 818 Quidam

90 837 174 882 autem,
186 827 277 874 licentii
288 830 413 882 vetustatis,
424 829 500 889 plures
512 829 554 875 deo
564 836 634 882 ortos,
643 829 764 890 pluresque

91 895 167 954 gentis
185 893 351 955 appellationes,
372 893 473 950 Marsos,
494 893 647 946 Gambrivios,
668 893 763 948 Suevos,

91 957 225 1011 vandalica,
237 957 362 1014 affirmant;
380 973 450 1018 eaque
461 973 515 1004 vera
526 965 550 1004 ct
561 959 655 1018 antiqua
666 959 765 1005 nomina.

94 1021 211 1071 Caeterum
224 1023 355 1070 Germaniae
367 1022 501 1068 vocabulum
517 1037 597 1082 recens
608 1030 631 1068 et
642 1038 715 1084 nuper
725 1023 763 1070 sd·

93 1087 178 1144 ditum;
194 1088 307 1147 quoniam,
319 1088 357 1147 qui
367 1088 432 1149 primi
445 1086 552 1133 Rhenum
561 1089 698 1148 transgressi
707 1086 764 1135 Gal·

93 1153 130 1198 los
144 1153 279 1213 expulerint,
297 1167 323 1198 ac
338 1167 398 1198 nunc
409 1151 507 1213 Tungri,
523 1159 578 1198 tunc
594 1151 707 1198 Germani
723 1169 764 1198 vo·

94 1217 139 1263 cati
155 1217 212 1262 sint:
232 1218 264 1262 ita
279 1217 375 1264 nationis
391 1231 473 1263 nomen
488 1217 511 1262 in
526 1231 610 1262 nomen
624 1218 703 1278 gentis
713 1231 765 1264 eva·

94 1282 165 1329 luisse
175 1282 289 1341 paulatim,
305 1289 330 1327 ut
341 1296 426 1334 omnes,
442 1281 538 1342 primunr
551 1297 564 1327 a
575 1282 663 1329 victore
678 1282 707 1328 ob
718 1297 765 1328 me·

95 1353 152 1400 tum,
165 1360 219 1393 mox
231 1361 245 1392 a
259 1346 337 1406 seipsis
352 1346 445 1392 invento
461 1345 559 1400 nominc,
575 1345 687 1393 Germani
697 1361 765 1394 vona·

94 1418 179 1459 rentur.

128 1474 177 1522 ΠΙ.
202 1475 282 1523 Fuisse
299 1476 357 1538 apud
375 1491 415 1522 eos
434 1482 458 1522 et
478 1475 603 1522 Herculem
622 1485 765 1532 memorant;

94 1541 238 1604 primumque
252 1540 352 1588 omnium
366 1541 466 1588 virorum
481 1540 573 1587 fortium
587 1541 641 1587 ituri
652 1540 678 1587 in
687 1540 768 1603 prelis

95 1613 187 1654 canunt
221 1606 279 1653 Sunt
289 1605 333 1652 illis
343 1606 393 1652 lraec
404 1621 494 1667 quoque
505 1607 610 1661 carmina,
621 1620 719 1666 quorum
730 1620 766 1652 re·

94 1671 150 1725 latu,
163 1686 229 1731 quem
239 1671 346 1730 barritum
357 1679 446 1726 vocant,
457 1671 583 1717 accendunt
593 1671 690 1725 animos,
705 1668 766 1718 futu·

94 1751 171 1796 reque
181 1751 266 1798 pugnae
280 1734 392 1782 fortunam
406 1737 456 1797 ipso
467 1741 534 1782 cantu
546 1743 701 1798 auguramur:
721 1741 767 1782 ter·

40 1814 44 1819 ·
96 1808 148 1846 rent
160 1801 220 1846 enim
232 1800 377 1862 trepidamus,
392 1808 458 1862 prout
472 1801 547 1847 sonuit
557 1801 625 1847 acies.
657 1798 711 1847 Nec
722 1807 768 1847 tarn

95 1866 160 1911 vocis
176 1866 220 1919 ille,
237 1880 304 1925 quam
315 1865 411 1919 virtutis,
429 1872 552 1912 concentus
563 1864 660 1912 videtur.
688 1863 767 1912 Aden-

96 1937 158 1976 tatur
176 1931 288 1991 praecipue
306 1931 413 1991 asperitas
433 1931 482 1977 soni
501 1938 525 1976 et
540 1928 638 1977 fractum
657 1943 768 1985 ruamur,

97 1995 190 2055 objectis
202 1995 229 2040 ad
241 2011 266 2042 os
278 1996 353 2049 scutis,
369 2011 414 2055 quo
428 1995 516 2056 plenior
530 2002 553 2041 et
568 1995 661 2056 gravior
675 2008 723 2041 vox
734 2009 769 2042 re·

97 2074 205 2122 percussu
216 2059 357 2105 intumescat
393 2058 509 2107 Caetentm
520 2067 543 2106 et
556 2059 665 2120 Ulyssem
676 2059 768 2119 quidam

97 2124 224 2184 opinantur,
236 2124 306 2185 longo
318 2124 356 2170 illo
367 2133 391 2170 et
398 2124 499 2172 fabuloso
507 2139 584 2171 errore
591 2125 615 2169 in
623 2124 685 2170 hunc
694 2122 768 2171 Ocea-

96 2203 151 2235 num
164 2188 269 2241 delatum,
281 2188 353 2234 adisse
364 2188 494 2236 Germaniae
502 2197 579 2242 terras,
592 2188 767 2252 Asciburgium-

96 2269 147 2314 que,
160 2253 219 2312 quod
231 2253 254 2299 in
265 2252 313 2314 ripai
325 2252 401 2299 Rheni
413 2255 480 2300 situm
491 2254 602 2314 hodieque
612 2252 727 2306 incolitur,
741 2252 769 2298 ab

96 2319 136 2366 illo
154 2319 300 2364 constitutum
318 2319 510 2378 nominatumque
543 2319 614 2365 Aram
630 2318 769 2377 quinetiam

98 2382 178 2443 Ulyssi
195 2390 355 2437 consecratam,
373 2384 459 2445 adjecto
477 2382 568 2429 Laertae
584 2383 654 2444 patris
669 2383 768 2435 nomine,

97 2449 177 2495 eodem
188 2448 239 2492 loco
251 2447 304 2493 olim
316 2457 432 2508 repertam,
444 2449 629 2508 monimentaque
637 2455 661 2492 et
669 2446 769 2493 tumulos

96 2512 212 2575 quosdam,
230 2512 319 2558 Graecis
333 2512 403 2559 literis
418 2513 545 2573 inscriptos,
560 2513 585 2558 in
596 2510 696 2558 confinio
708 2511 769 2558 Ger·

95 2579 179 2624 maniae
192 2577 334 2636 Rhaetiaeque
345 2578 417 2623 adhuc
424 2585 524 2623 exstare:
541 2592 593 2638 quae
602 2591 676 2636 neque
684 2575 769 2623 confir·

95 2658 159 2689 mare
174 2642 321 2704 argumentis,
338 2657 410 2702 neque
425 2642 562 2689 refellerem
577 2641 654 2688 animo
671 2649 718 2688 est:
740 2654 770 2688 ex

94 2709 189 2770 ingenio
200 2723 242 2753 suo
253 2708 347 2767 quisque
358 2708 433 2753 demat
443 2707 480 2753 vel
490 2707 557 2754 addat
565 2705 642 2752 fidem.

129 2770 174 2818 IV.
192 2770 245 2834 Ipse
254 2787 332 2818 eorum
340 2772 481 2833 opinionibus
489 2771 577 2825 accedo,
589 2771 628 2832 qui
637 2770 770 2818 Gennaniae

76 2837 187 2895 populos,
204 2837 277 2886 nullis
289 2837 342 2888 aliis
356 2838 451 2888 aliarum
466 2839 586 2888 nationum
599 2835 717 2883 connubiis
732 2835 768 2880 in·

64 2897 152 2956 seem,
166 2907 288 2969 propriam
308 2919 334 2958 et
349 2909 466 2959 sinceram
484 2916 510 2958 et
523 2912 617 2956 tautum
629 2900 668 2950 sui
680 2898 782 2946 damnem

47 2970 159 3023 erotem
170 2975 306 3037 mansae,
325 2979 491 3032 arbitrantur:
513 2975 579 3028 unde
591 2969 689 3020 usuam
698 2976 783 3026 affl
