1680 3188
152 201 200 244 182
233 192 687 244 SUPPLEM.L1n.XVLrlNNAL.
707 200 821 240 U.c.8tt.

150 326 259 390 profecto
277 326 384 387 praetorii,
404 326 533 388 arrogantia
551 327 696 388 socordiaque
714 328 820 374 intolera-

149 394 207 443 bilis.
240 389 321 446 Iccius,
339 391 439 445 libertus,
457 391 545 438 annulir
563 391 660 439 (innatus
677 394 822 454 equestrique

150 458 249 512 nomine,
259 456 466 518 potentissimorum
478 456 532 503 olim
543 456 673 503 libertanum
684 472 820 519 opasaemu

149 525 242 573 labatur.
276 520 330 568 Hos
340 522 406 577 inter,
417 522 473 568 lucri
483 537 530 583 spe,
541 529 566 569 et
576 522 605 568 ob
615 523 703 569 aenium
715 523 822 584 principis

149 591 174 636 in
188 589 275 635 ruinam
290 602 397 649 praeceps,
412 587 544 633 concordia:
569 601 612 634 nec
625 600 686 644 etun,
702 589 746 636 nisi
761 587 821 636 unte

149 655 215 702 citior
225 654 342 716 majorque
351 651 442 698 fortuna
452 658 573 713 pararetur.
660 674 664 681 ·

183 719 276 782 [Galba
290 718 325 765 his
337 717 452 770 obnoxius,
468 731 514 762 non
526 724 606 778 suopte
616 718 717 780 ingenio,
729 719 769 766 scd
778 733 820 782 pn

148 799 228 833 eorum
243 783 353 844 cupidine,
369 783 495 844 regebatur.
529 781 575 828 Per
591 798 630 829 eos
644 798 702 845 ergo
717 784 783 831 licuit
795 792 824 831 ut

149 849 252 903 Helium.
268 847 420 908 polycletum,
438 845 551 902 Petinum,
568 845 708 905 Paeonium,
720 848 822 897 Neroni

148 915 265 962 libidinum
276 913 397 967 ministros,
407 911 522 972 plecteret.
555 911 695 974 Tigellinum
704 929 766 970 vero,
777 928 820 962 m·

150 981 252 1041 quierem
263 985 287 1024 et
297 978 394 1025 invisum
406 977 485 1038 magis,
501 984 524 1023 at
537 975 621 1039 magni
634 979 782 1038 marianum
795 979 819 1027 vl

148 1046 251 1092 favorem
263 1042 292 1090 Τ.
299 1041 362 1089 Vinii
372 1049 515 1096 mercatum,
529 1043 598 1089 morti
608 1043 730 1101 subduxit;
747 1059 820 1108 popu·

149 1110 243 1170 lumque
253 1108 390 1163 Romanum,
401 1108 439 1168 qui
450 1122 502 1153 eum
516 1108 544 1154 ad
557 1122 636 1169 poenas
651 1109 742 1156 assidue
755 1124 819 1173 repe-

150 1177 218 1229 tebat,
237 1174 312 1221 edicto
329 1173 447 1234 increpuit,
466 1172 527 1233 quod
545 1173 659 1219 hominem
678 1175 732 1222 tabe
747 1174 821 1223 ferme

149 1247 253 1288 enectum
268 1246 467 1301 persequerentur:
490 1236 613 1300 flagitabat,
630 1252 660 1284 ne
668 1239 820 1302 principatum

150 1320 217 1352 suurn
226 1310 374 1357 cruentarent,
386 1303 534 1362 odiosumque
543 1301 652 1350 iacerent.
683 1302 820 1416 'ljlgallim

150 1371 214 1432 quasi
228 1368 295 1416 deum
310 1381 404 1414 munere
417 1374 527 1420 servatus,
541 1383 583 1429 pro
599 1368 695 1415 salutes
739 1371 818 1429 litam

150 1449 280 1498 magnoque
295 1439 372 1480 sumtu
386 1430 462 1493 parati
477 1431 551 1487 coenb,
563 1430 626 1478 Vinii
640 1431 701 1490 filiae,
716 1435 761 1482 alia
771 1437 819 1501 jn

150 1501 264 1562 elargitus.
275 1498 350 1545 decies
360 1496 488 1547 sestertium
499 1497 625 1560 propinare·
655 1497 760 1547 Pronum
769 1512 820 1549 cst·

151 1566 204 1613 dere
218 1578 284 1626 quam
298 1563 322 1609 id
336 1562 404 1610 fuerit
417 1561 500 1625 populo
514 1563 637 1624 ingratum,
651 1579 704 1624 qnae
714 1565 770 1613 inrle
778 1565 819 1614 etl·

149 1645 229 1679 versus
240 1628 337 1676 Galbam
346 1627 438 1674 invidia
462 1627 608 1674 Accedebant
618 1629 699 1675 tetrica
709 1638 820 1687 senectua,

151 1697 221 1743 tristis
233 1694 332 1746 avaritia,
347 1698 484 1754 praepostere
497 1699 583 1739 tentata
595 1693 682 1754 imperii
694 1695 760 1757 lege·
769 1710 819 1744 mn.

152 1775 232 1820 resque
243 1758 375 1806 emendandi
386 1757 486 1811 consilia,
498 1764 521 1804 et
529 1772 587 1804 vana
594 1757 703 1805 libertatis
711 1762 821 1809 restituta

152 1824 279 1874 ostentatio.
314 1822 428 1870 Praeterea
442 1823 568 1885 gliscebant
582 1837 624 1884 per
637 1825 752 1871 exercitus
765 1840 820 1887 qne-

150 1891 211 1944 relae‚
223 1888 283 1950 quod
293 1888 423 1934 donativum
432 1889 472 1934 sibi
480 1888 615 1950 promissum
624 1886 706 1935 frustra
715 1905 816 1952 reposce

152 1963 210 2003 rent.
242 1952 352 2000 Efferavit
366 1967 455 2013 quoque
468 1954 563 2008 animos,
577 1951 705 2015 magnifica,
720 1955 762 2002 sed
774 1970 812 2005 nor

152 2021 204 2067 talis
218 2018 366 2080 imperatoris,
376 2033 419 2064 nec
430 2019 496 2080 hujus
507 2019 621 2080 temporis.
632 2033 686 2072 vox,
699 2017 761 2082 Legi
770 2035 806 2069 ιι

152 2085 254 2140 militem,
272 2100 318 2131 non
338 2083 389 2131 emi.
426 2083 464 2130 Sic
483 2083 640 2131 coalescebant
658 2084 803 2133 discordiarur

152 2166 235 2205 cauaae,
245 2165 296 2212 quae
311 2155 442 2210 sequentem
456 2164 540 2199 annum
553 2146 705 2207 funestavere,
720 2152 799 2216 amplu

152 2217 252 2265 historiae
262 2213 440 2280 argumentum]
459 2245 462 2251 -
